{
  "MSFT": {
    "ticker": "MSFT",
    "date": "2025-06-30",
    "revenue": 281724000000,
    "net_income": 101832000000,
    "operating_income": 128528000000,
    "ebit": 128528000000,
    "interest_expense": 2385000000,
    "ebitda": 160165000000,
    "gross_profit": 193893000000,
    "total_assets": 619003000000,
    "total_liabilities": 275524000000,
    "total_equity": 343479000000,
    "total_debt": 60588000000,
    "current_assets": 191131000000,
    "current_liabilities": 141218000000,
    "cash": 30242000000,
    "inventory": 938000000,
    "retained_earnings": 237731000000,
    "operating_cash_flow": 136162000000,
    "depreciation": 34153000000
  },
  "JNJ": {
    "ticker": "JNJ",
    "date": "2024-12-29",
    "revenue": 88821000000,
    "net_income": 14066000000,
    "operating_income": 22149000000,
    "ebit": 22149000000,
    "interest_expense": 755000000,
    "ebitda": 24781000000,
    "gross_profit": 61350000000,
    "total_assets": 180104000000,
    "total_liabilities": 108614000000,
    "total_equity": 71490000000,
    "total_debt": 36634000000,
    "current_assets": 55893000000,
    "current_liabilities": 50321000000,
    "cash": 24105000000,
    "inventory": 12444000000,
    "retained_earnings": 155791000000,
    "operating_cash_flow": 24266000000,
    "depreciation": 7339000000
  },
  "AAPL": {
    "ticker": "AAPL",
    "date": "2025-09-27",
    "revenue": 416161000000,
    "net_income": 112010000000,
    "operating_income": 133050000000,
    "ebit": 133050000000,
    "interest_expense": 0,
    "ebitda": 144427000000,
    "gross_profit": 195201000000,
    "total_assets": 359241000000,
    "total_liabilities": 285508000000,
    "total_equity": 73733000000,
    "total_debt": 98657000000,
    "current_assets": 147957000000,
    "current_liabilities": 165631000000,
    "cash": 35934000000,
    "inventory": 5718000000,
    "retained_earnings": -14264000000,
    "operating_cash_flow": 111482000000,
    "depreciation": 11698000000
  },
  "GOOGL": {
    "ticker": "GOOGL",
    "date": "2024-12-31",
    "revenue": 350018000000,
    "net_income": 100118000000,
    "operating_income": 112390000000,
    "ebit": 112390000000,
    "interest_expense": 268000000,
    "ebitda": 135394000000,
    "gross_profit": 203712000000,
    "total_assets": 450256000000,
    "total_liabilities": 125172000000,
    "total_equity": 325084000000,
    "total_debt": 25461000000,
    "current_assets": 163711000000,
    "current_liabilities": 89122000000,
    "cash": 23466000000,
    "inventory": 0,
    "retained_earnings": 245084000000,
    "operating_cash_flow": 125299000000,
    "depreciation": 15311000000
  },
  "GOOG": {
    "ticker": "GOOG",
    "date": "2024-12-31",
    "revenue": 350018000000,
    "net_income": 100118000000,
    "operating_income": 112390000000,
    "ebit": 112390000000,
    "interest_expense": 268000000,
    "ebitda": 135394000000,
    "gross_profit": 203712000000,
    "total_assets": 450256000000,
    "total_liabilities": 125172000000,
    "total_equity": 325084000000,
    "total_debt": 25461000000,
    "current_assets": 163711000000,
    "current_liabilities": 89122000000,
    "cash": 23466000000,
    "inventory": 0,
    "retained_earnings": 245084000000,
    "operating_cash_flow": 125299000000,
    "depreciation": 15311000000
  },
  "BRK-B": {
    "ticker": "BRK-B",
    "date": "2024-12-31",
    "revenue": 371433000000,
    "net_income": 88995000000,
    "operating_income": 59436000000,
    "ebit": 59436000000,
    "interest_expense": 5200000000,
    "ebitda": 128431000000,
    "gross_profit": 86578000000,
    "total_assets": 1153881000000,
    "total_liabilities": 502226000000,
    "total_equity": 649368000000,
    "total_debt": 143527000000,
    "current_assets": 434397000000,
    "current_liabilities": 73111000000,
    "cash": 47729000000,
    "inventory": 24008000000,
    "retained_earnings": 696218000000,
    "operating_cash_flow": 30592000000,
    "depreciation": 12855000000
  },
  "WMT": {
    "ticker": "WMT",
    "date": "2025-01-31",
    "revenue": 680985000000,
    "net_income": 19436000000,
    "operating_income": 29348000000,
    "ebit": 29348000000,
    "interest_expense": 2728000000,
    "ebitda": 42010000000,
    "gross_profit": 169232000000,
    "total_assets": 260823000000,
    "total_liabilities": 163131000000,
    "total_equity": 91013000000,
    "total_debt": 60114000000,
    "current_assets": 79458000000,
    "current_liabilities": 96584000000,
    "cash": 9037000000,
    "inventory": 56435000000,
    "retained_earnings": 98313000000,
    "operating_cash_flow": 36443000000,
    "depreciation": 12973000000
  },
  "AMZN": {
    "ticker": "AMZN",
    "date": "2024-12-31",
    "revenue": 637959000000,
    "net_income": 59248000000,
    "operating_income": 68593000000,
    "ebit": 68593000000,
    "interest_expense": 2406000000,
    "ebitda": 123815000000,
    "gross_profit": 311671000000,
    "total_assets": 624894000000,
    "total_liabilities": 338924000000,
    "total_equity": 285970000000,
    "total_debt": 130900000000,
    "current_assets": 190867000000,
    "current_liabilities": 179431000000,
    "cash": 78779000000,
    "inventory": 34214000000,
    "retained_earnings": 172866000000,
    "operating_cash_flow": 115877000000,
    "depreciation": 52795000000
  },
  "XOM": {
    "ticker": "XOM",
    "date": "2024-12-31",
    "revenue": 339247000000,
    "net_income": 33680000000,
    "operating_income": 39652000000,
    "ebit": 39652000000,
    "interest_expense": 996000000,
    "ebitda": 73311000000,
    "gross_profit": 76742000000,
    "total_assets": 453475000000,
    "total_liabilities": 182869000000,
    "total_equity": 263705000000,
    "total_debt": 41710000000,
    "current_assets": 91990000000,
    "current_liabilities": 70307000000,
    "cash": 23029000000,
    "inventory": 23524000000,
    "retained_earnings": 470903000000,
    "operating_cash_flow": 55022000000,
    "depreciation": 23442000000
  },
  "CVX": {
    "ticker": "CVX",
    "date": "2024-12-31",
    "revenue": 193414000000,
    "net_income": 17661000000,
    "operating_income": 29099000000,
    "ebit": 29099000000,
    "interest_expense": 594000000,
    "ebitda": 45811000000,
    "gross_profit": 56926000000,
    "total_assets": 256938000000,
    "total_liabilities": 103781000000,
    "total_equity": 152318000000,
    "total_debt": 24541000000,
    "current_assets": 40911000000,
    "current_liabilities": 38558000000,
    "cash": 6781000000,
    "inventory": 9074000000,
    "retained_earnings": 205852000000,
    "operating_cash_flow": 31492000000,
    "depreciation": 16196000000
  },
  "UNH": {
    "ticker": "UNH",
    "date": "2024-12-31",
    "revenue": 400278000000,
    "net_income": 14405000000,
    "operating_income": 32287000000,
    "ebit": 32287000000,
    "interest_expense": 3906000000,
    "ebitda": 28076000000,
    "gross_profit": 89399000000,
    "total_assets": 298278000000,
    "total_liabilities": 195687000000,
    "total_equity": 92658000000,
    "total_debt": 76904000000,
    "current_assets": 85779000000,
    "current_liabilities": 103769000000,
    "cash": 25312000000,
    "inventory": 0,
    "retained_earnings": 96036000000,
    "operating_cash_flow": 24204000000,
    "depreciation": 4099000000
  },
  "PG": {
    "ticker": "PG",
    "date": "2025-06-30",
    "revenue": 84284000000,
    "net_income": 15974000000,
    "operating_income": 20451000000,
    "ebit": 20451000000,
    "interest_expense": 907000000,
    "ebitda": 23921000000,
    "gross_profit": 43120000000,
    "total_assets": 125231000000,
    "total_liabilities": 72947000000,
    "total_equity": 52012000000,
    "total_debt": 35463000000,
    "current_assets": 25392000000,
    "current_liabilities": 36058000000,
    "cash": 9556000000,
    "inventory": 7551000000,
    "retained_earnings": 129973000000,
    "operating_cash_flow": 17817000000,
    "depreciation": 2847000000
  },
  "HD": {
    "ticker": "HD",
    "date": "2025-01-31",
    "revenue": 159514000000,
    "net_income": 14806000000,
    "operating_income": 21526000000,
    "ebit": 21526000000,
    "interest_expense": 2321000000,
    "ebitda": 25435000000,
    "gross_profit": 53308000000,
    "total_assets": 96119000000,
    "total_liabilities": 89479000000,
    "total_equity": 6640000000,
    "total_debt": 62290000000,
    "current_assets": 31683000000,
    "current_liabilities": 28661000000,
    "cash": 1659000000,
    "inventory": 23451000000,
    "retained_earnings": 89533000000,
    "operating_cash_flow": 19810000000,
    "depreciation": 3761000000
  },
  "META": {
    "ticker": "META",
    "date": "2024-12-31",
    "revenue": 164501000000,
    "net_income": 62360000000,
    "operating_income": 69380000000,
    "ebit": 69380000000,
    "interest_expense": 715000000,
    "ebitda": 86876000000,
    "gross_profit": 134340000000,
    "total_assets": 276054000000,
    "total_liabilities": 93417000000,
    "total_equity": 182637000000,
    "total_debt": 49060000000,
    "current_assets": 100045000000,
    "current_liabilities": 33596000000,
    "cash": 43889000000,
    "inventory": 0,
    "retained_earnings": 102506000000,
    "operating_cash_flow": 91328000000,
    "depreciation": 15498000000
  },
  "V": {
    "ticker": "V",
    "date": "2025-09-30",
    "revenue": 40000000000,
    "net_income": 20058000000,
    "operating_income": 23994000000,
    "ebit": 23994000000,
    "interest_expense": 589000000,
    "ebitda": 26003000000,
    "gross_profit": 32145000000,
    "total_assets": 99627000000,
    "total_liabilities": 61718000000,
    "total_equity": 37909000000,
    "total_debt": 25171000000,
    "current_assets": 37766000000,
    "current_liabilities": 35048000000,
    "cash": 20154000000,
    "inventory": 0,
    "retained_earnings": 15106000000,
    "operating_cash_flow": 23059000000,
    "depreciation": 1220000000
  },
  "MA": {
    "ticker": "MA",
    "date": "2024-12-31",
    "revenue": 28167000000,
    "net_income": 12874000000,
    "operating_income": 15582000000,
    "ebit": 15582000000,
    "interest_expense": 646000000,
    "ebitda": 16797000000,
    "gross_profit": 21494000000,
    "total_assets": 48081000000,
    "total_liabilities": 41566000000,
    "total_equity": 6485000000,
    "total_debt": 18226000000,
    "current_assets": 19724000000,
    "current_liabilities": 19220000000,
    "cash": 8442000000,
    "inventory": 0,
    "retained_earnings": 72907000000,
    "operating_cash_flow": 14780000000,
    "depreciation": 897000000
  },
  "LLY": {
    "ticker": "LLY",
    "date": "2024-12-31",
    "revenue": 45042700000,
    "net_income": 10590000000,
    "operating_income": 17501700000,
    "ebit": 17501700000,
    "interest_expense": 780600000,
    "ebitda": 15227600000,
    "gross_profit": 36624400000,
    "total_assets": 78714900000,
    "total_liabilities": 64443300000,
    "total_equity": 14192100000,
    "total_debt": 33644200000,
    "current_assets": 32739700000,
    "current_liabilities": 28376600000,
    "cash": 3268400000,
    "inventory": 7589200000,
    "retained_earnings": 13545000000,
    "operating_cash_flow": 8817900000,
    "depreciation": 1766600000
  },
  "ABBV": {
    "ticker": "ABBV",
    "date": "2024-12-31",
    "revenue": 56334000000,
    "net_income": 4278000000,
    "operating_income": 9137000000,
    "ebit": 9137000000,
    "interest_expense": 2808000000,
    "ebitda": 14910000000,
    "gross_profit": 39430000000,
    "total_assets": 135161000000,
    "total_liabilities": 131797000000,
    "total_equity": 3325000000,
    "total_debt": 67841000000,
    "current_assets": 25582000000,
    "current_liabilities": 38749000000,
    "cash": 5524000000,
    "inventory": 4181000000,
    "retained_earnings": -7900000000,
    "operating_cash_flow": 18806000000,
    "depreciation": 8386000000
  },
  "COP": {
    "ticker": "COP",
    "date": "2024-12-31",
    "revenue": 54612000000,
    "net_income": 9218000000,
    "operating_income": 12783000000,
    "ebit": 12783000000,
    "interest_expense": 1108000000,
    "ebitda": 24425000000,
    "gross_profit": 16028000000,
    "total_assets": 122780000000,
    "total_liabilities": 57984000000,
    "total_equity": 64796000000,
    "total_debt": 25348000000,
    "current_assets": 15647000000,
    "current_liabilities": 12124000000,
    "cash": 5607000000,
    "inventory": 1809000000,
    "retained_earnings": 64869000000,
    "operating_cash_flow": 20124000000,
    "depreciation": 9599000000
  },
  "MRK": {
    "ticker": "MRK",
    "date": "2024-12-31",
    "revenue": 64168000000,
    "net_income": 17117000000,
    "operating_income": 20221000000,
    "ebit": 20221000000,
    "interest_expense": 1271000000,
    "ebitda": 25706000000,
    "gross_profit": 48975000000,
    "total_assets": 117106000000,
    "total_liabilities": 70734000000,
    "total_equity": 46313000000,
    "total_debt": 38270000000,
    "current_assets": 38782000000,
    "current_liabilities": 28420000000,
    "cash": 13242000000,
    "inventory": 6109000000,
    "retained_earnings": 63069000000,
    "operating_cash_flow": 21468000000,
    "depreciation": 4499000000
  },
  "PFE": {
    "ticker": "PFE",
    "date": "2024-12-31",
    "revenue": 63627000000,
    "net_income": 8020000000,
    "operating_income": 16483000000,
    "ebit": 16483000000,
    "interest_expense": 3091000000,
    "ebitda": 18127000000,
    "gross_profit": 41846000000,
    "total_assets": 213396000000,
    "total_liabilities": 124899000000,
    "total_equity": 88203000000,
    "total_debt": 66993000000,
    "current_assets": 50358000000,
    "current_liabilities": 42995000000,
    "cash": 1043000000,
    "inventory": 10851000000,
    "retained_earnings": 116725000000,
    "operating_cash_flow": 12744000000,
    "depreciation": 7013000000
  },
  "TMO": {
    "ticker": "TMO",
    "date": "2024-12-31",
    "revenue": 42879000000,
    "net_income": 6335000000,
    "operating_income": 7662000000,
    "ebit": 7662000000,
    "interest_expense": 1654000000,
    "ebitda": 11800000000,
    "gross_profit": 17728000000,
    "total_assets": 97321000000,
    "total_liabilities": 47650000000,
    "total_equity": 49584000000,
    "total_debt": 32775000000,
    "current_assets": 22137000000,
    "current_liabilities": 13332000000,
    "cash": 4009000000,
    "inventory": 4978000000,
    "retained_earnings": 53102000000,
    "operating_cash_flow": 8667000000,
    "depreciation": 3108000000
  },
  "ABT": {
    "ticker": "ABT",
    "date": "2024-12-31",
    "revenue": 41950000000,
    "net_income": 13402000000,
    "operating_income": 6825000000,
    "ebit": 6825000000,
    "interest_expense": 603000000,
    "ebitda": 10834000000,
    "gross_profit": 21325000000,
    "total_assets": 81414000000,
    "total_liabilities": 33513000000,
    "total_equity": 47664000000,
    "total_debt": 15275000000,
    "current_assets": 23656000000,
    "current_liabilities": 14157000000,
    "cash": 7616000000,
    "inventory": 6194000000,
    "retained_earnings": 47261000000,
    "operating_cash_flow": 8558000000,
    "depreciation": 3218000000
  },
  "DHR": {
    "ticker": "DHR",
    "date": "2024-12-31",
    "revenue": 23875000000,
    "net_income": 3899000000,
    "operating_income": 5184000000,
    "ebit": 5184000000,
    "interest_expense": 278000000,
    "ebitda": 7276000000,
    "gross_profit": 14206000000,
    "total_assets": 77542000000,
    "total_liabilities": 27992000000,
    "total_equity": 49543000000,
    "total_debt": 17146000000,
    "current_assets": 9497000000,
    "current_liabilities": 6798000000,
    "cash": 2078000000,
    "inventory": 2330000000,
    "retained_earnings": 44188000000,
    "operating_cash_flow": 6688000000,
    "depreciation": 2352000000
  },
  "NVO": {
    "ticker": "NVO",
    "date": "2024-12-31",
    "revenue": 290403000000,
    "net_income": 100988000000,
    "operating_income": 128339000000,
    "ebit": 128339000000,
    "interest_expense": 1640000000,
    "ebitda": 137376000000,
    "gross_profit": 245881000000,
    "total_assets": 465795000000,
    "total_liabilities": 322309000000,
    "total_equity": 143486000000,
    "total_debt": 102787000000,
    "current_assets": 160897000000,
    "current_liabilities": 217528000000,
    "cash": 15655000000,
    "inventory": 40849000000,
    "retained_earnings": 144448000000,
    "operating_cash_flow": 120968000000,
    "depreciation": 8545000000
  },
  "NVDA": {
    "ticker": "NVDA",
    "date": "2025-01-26",
    "revenue": 130497000000,
    "net_income": 72880000000,
    "operating_income": 81453000000,
    "ebit": 81453000000,
    "interest_expense": 247000000,
    "ebitda": 86137000000,
    "gross_profit": 97858000000,
    "total_assets": 111601000000,
    "total_liabilities": 32274000000,
    "total_equity": 79327000000,
    "total_debt": 10270000000,
    "current_assets": 80126000000,
    "current_liabilities": 18047000000,
    "cash": 8589000000,
    "inventory": 10080000000,
    "retained_earnings": 68038000000,
    "operating_cash_flow": 64089000000,
    "depreciation": 1864000000
  },
  "KO": {
    "ticker": "KO",
    "date": "2024-12-31",
    "revenue": 47061000000,
    "net_income": 10631000000,
    "operating_income": 9992000000,
    "ebit": 9992000000,
    "interest_expense": 1656000000,
    "ebitda": 15817000000,
    "gross_profit": 28737000000,
    "total_assets": 100549000000,
    "total_liabilities": 74177000000,
    "total_equity": 24856000000,
    "total_debt": 45735000000,
    "current_assets": 25997000000,
    "current_liabilities": 25249000000,
    "cash": 10828000000,
    "inventory": 4728000000,
    "retained_earnings": 76054000000,
    "operating_cash_flow": 6805000000,
    "depreciation": 1075000000
  },
  "PEP": {
    "ticker": "PEP",
    "date": "2024-12-31",
    "revenue": 91853000000,
    "net_income": 9578000000,
    "operating_income": 14295000000,
    "ebit": 14295000000,
    "interest_expense": 919000000,
    "ebitda": 16680000000,
    "gross_profit": 50362000000,
    "total_assets": 99467000000,
    "total_liabilities": 81296000000,
    "total_equity": 18041000000,
    "total_debt": 44948000000,
    "current_assets": 25826000000,
    "current_liabilities": 31536000000,
    "cash": 8505000000,
    "inventory": 5306000000,
    "retained_earnings": 72266000000,
    "operating_cash_flow": 12507000000,
    "depreciation": 3815000000
  },
  "COST": {
    "ticker": "COST",
    "date": "2025-08-31",
    "revenue": 275235000000,
    "net_income": 8099000000,
    "operating_income": 10383000000,
    "ebit": 10383000000,
    "interest_expense": 154000000,
    "ebitda": 13398000000,
    "gross_profit": 35349000000,
    "total_assets": 77099000000,
    "total_liabilities": 47935000000,
    "total_equity": 29164000000,
    "total_debt": 8173000000,
    "current_assets": 38380000000,
    "current_liabilities": 37108000000,
    "cash": 14161000000,
    "inventory": 18116000000,
    "retained_earnings": 22650000000,
    "operating_cash_flow": 13335000000,
    "depreciation": 2426000000
  },
  "ACN": {
    "ticker": "ACN",
    "date": "2025-08-31",
    "revenue": 69672977000,
    "net_income": 7678433000,
    "operating_income": 10225664000,
    "ebit": 10225664000,
    "interest_expense": 228555000,
    "ebitda": 12940542000,
    "gross_profit": 22235401000,
    "total_assets": 65394897000,
    "total_liabilities": 33153930000,
    "total_equity": 31195446000,
    "total_debt": 8182866000,
    "current_assets": 28900689000,
    "current_liabilities": 20352097000,
    "cash": 11478729000,
    "inventory": 0,
    "retained_earnings": 21018731000,
    "operating_cash_flow": 11474399000,
    "depreciation": 1705457000
  },
  "NKE": {
    "ticker": "NKE",
    "date": "2025-05-31",
    "revenue": 46309000000,
    "net_income": 3219000000,
    "operating_income": 3702000000,
    "ebit": 3702000000,
    "interest_expense": 289000000,
    "ebitda": 4510000000,
    "gross_profit": 19790000000,
    "total_assets": 36579000000,
    "total_liabilities": 23366000000,
    "total_equity": 13213000000,
    "total_debt": 11018000000,
    "current_assets": 23362000000,
    "current_liabilities": 10566000000,
    "cash": 7464000000,
    "inventory": 7489000000,
    "retained_earnings": -727000000,
    "operating_cash_flow": 3698000000,
    "depreciation": 775000000
  },
  "CSCO": {
    "ticker": "CSCO",
    "date": "2025-07-26",
    "revenue": 56654000000,
    "net_income": 10180000000,
    "operating_income": 11760000000,
    "ebit": 11760000000,
    "interest_expense": 1593000000,
    "ebitda": 15378000000,
    "gross_profit": 36790000000,
    "total_assets": 122291000000,
    "total_liabilities": 75448000000,
    "total_equity": 46843000000,
    "total_debt": 29643000000,
    "current_assets": 34986000000,
    "current_liabilities": 35064000000,
    "cash": 9473000000,
    "inventory": 3164000000,
    "retained_earnings": 50000000,
    "operating_cash_flow": 14193000000,
    "depreciation": 2811000000
  },
  "TXN": {
    "ticker": "TXN",
    "date": "2024-12-31",
    "revenue": 15641000000,
    "net_income": 4799000000,
    "operating_income": 5465000000,
    "ebit": 5465000000,
    "interest_expense": 508000000,
    "ebitda": 7541000000,
    "gross_profit": 9094000000,
    "total_assets": 35509000000,
    "total_liabilities": 18606000000,
    "total_equity": 16903000000,
    "total_debt": 13596000000,
    "current_assets": 15026000000,
    "current_liabilities": 3643000000,
    "cash": 3200000000,
    "inventory": 4527000000,
    "retained_earnings": 52262000000,
    "operating_cash_flow": 6318000000,
    "depreciation": 1580000000
  },
  "NEE": {
    "ticker": "NEE",
    "date": "2024-12-31",
    "revenue": 24753000000,
    "net_income": 6946000000,
    "operating_income": 7479000000,
    "ebit": 7479000000,
    "interest_expense": 2235000000,
    "ebitda": 14033000000,
    "gross_profit": 14867000000,
    "total_assets": 190144000000,
    "total_liabilities": 129283000000,
    "total_equity": 50101000000,
    "total_debt": 82333000000,
    "current_assets": 11951000000,
    "current_liabilities": 25355000000,
    "cash": 1487000000,
    "inventory": 2214000000,
    "retained_earnings": 32946000000,
    "operating_cash_flow": 13260000000,
    "depreciation": 5761000000
  },
  "LIN": {
    "ticker": "LIN",
    "date": "2024-12-31",
    "revenue": 33005000000,
    "net_income": 6565000000,
    "operating_income": 8595000000,
    "ebit": 8595000000,
    "interest_expense": 572000000,
    "ebitda": 12921000000,
    "gross_profit": 12082000000,
    "total_assets": 80147000000,
    "total_liabilities": 40659000000,
    "total_equity": 38092000000,
    "total_debt": 22609000000,
    "current_assets": 12945000000,
    "current_liabilities": 14544000000,
    "cash": 4850000000,
    "inventory": 1946000000,
    "retained_earnings": 12634000000,
    "operating_cash_flow": 9423000000,
    "depreciation": 3780000000
  },
  "BMY": {
    "ticker": "BMY",
    "date": "2024-12-31",
    "revenue": 48300000000,
    "net_income": -8948000000,
    "operating_income": 9658000000,
    "ebit": 9658000000,
    "interest_expense": 1947000000,
    "ebitda": 3168000000,
    "gross_profit": 27432000000,
    "total_assets": 92603000000,
    "total_liabilities": 76215000000,
    "total_equity": 16335000000,
    "total_debt": 51200000000,
    "current_assets": 29780000000,
    "current_liabilities": 23774000000,
    "cash": 10346000000,
    "inventory": 2557000000,
    "retained_earnings": 14912000000,
    "operating_cash_flow": 15190000000,
    "depreciation": 9600000000
  },
  "UNP": {
    "ticker": "UNP",
    "date": "2024-12-31",
    "revenue": 24250000000,
    "net_income": 6747000000,
    "operating_income": 9713000000,
    "ebit": 9713000000,
    "interest_expense": 1269000000,
    "ebitda": 12498000000,
    "gross_profit": 11039000000,
    "total_assets": 67715000000,
    "total_liabilities": 50825000000,
    "total_equity": 16890000000,
    "total_debt": 32463000000,
    "current_assets": 4021000000,
    "current_liabilities": 5254000000,
    "cash": 1016000000,
    "inventory": 769000000,
    "retained_earnings": 65628000000,
    "operating_cash_flow": 9346000000,
    "depreciation": 2398000000
  },
  "HON": {
    "ticker": "HON",
    "date": "2024-12-31",
    "revenue": 38496000000,
    "net_income": 5705000000,
    "operating_income": 7870000000,
    "ebit": 7870000000,
    "interest_expense": 1058000000,
    "ebitda": 9605000000,
    "gross_profit": 14758000000,
    "total_assets": 75196000000,
    "total_liabilities": 56035000000,
    "total_equity": 18619000000,
    "total_debt": 32225000000,
    "current_assets": 27908000000,
    "current_liabilities": 21256000000,
    "cash": 10567000000,
    "inventory": 6442000000,
    "retained_earnings": 50835000000,
    "operating_cash_flow": 6097000000,
    "depreciation": 1334000000
  },
  "RTX": {
    "ticker": "RTX",
    "date": "2024-12-31",
    "revenue": 80738000000,
    "net_income": 4774000000,
    "operating_income": 6670000000,
    "ebit": 6670000000,
    "interest_expense": 1970000000,
    "ebitda": 12164000000,
    "gross_profit": 15410000000,
    "total_assets": 162861000000,
    "total_liabilities": 100903000000,
    "total_equity": 60156000000,
    "total_debt": 42893000000,
    "current_assets": 51133000000,
    "current_liabilities": 51499000000,
    "cash": 5578000000,
    "inventory": 12768000000,
    "retained_earnings": 53589000000,
    "operating_cash_flow": 7159000000,
    "depreciation": 4364000000
  },
  "SPGI": {
    "ticker": "SPGI",
    "date": "2024-12-31",
    "revenue": 14208000000,
    "net_income": 3852000000,
    "operating_income": 5580000000,
    "ebit": 5580000000,
    "interest_expense": 297000000,
    "ebitda": 6778000000,
    "gross_profit": 9817000000,
    "total_assets": 60221000000,
    "total_liabilities": 22713000000,
    "total_equity": 33159000000,
    "total_debt": 11933000000,
    "current_assets": 5459000000,
    "current_liabilities": 6392000000,
    "cash": 1666000000,
    "inventory": 0,
    "retained_earnings": 20977000000,
    "operating_cash_flow": 5689000000,
    "depreciation": 1173000000
  },
  "MDT": {
    "ticker": "MDT",
    "date": "2025-04-30",
    "revenue": 33537000000,
    "net_income": 4662000000,
    "operating_income": 5955000000,
    "ebit": 5955000000,
    "interest_expense": 729000000,
    "ebitda": 9218000000,
    "gross_profit": 21905000000,
    "total_assets": 91680000000,
    "total_liabilities": 43424000000,
    "total_equity": 48024000000,
    "total_debt": 28516000000,
    "current_assets": 23814000000,
    "current_liabilities": 12879000000,
    "cash": 2218000000,
    "inventory": 5476000000,
    "retained_earnings": 31476000000,
    "operating_cash_flow": 7044000000,
    "depreciation": 2861000000
  },
  "BLK": {
    "ticker": "BLK",
    "date": "2024-12-31",
    "revenue": 20407000000,
    "net_income": 6369000000,
    "operating_income": 7574000000,
    "ebit": 7574000000,
    "interest_expense": 538000000,
    "ebitda": 8207000000,
    "gross_profit": 10086000000,
    "total_assets": 138615000000,
    "total_liabilities": 89260000000,
    "total_equity": 47495000000,
    "total_debt": 14222000000,
    "current_assets": 25186000000,
    "current_liabilities": 11517000000,
    "cash": 12762000000,
    "inventory": 0,
    "retained_earnings": 35611000000,
    "operating_cash_flow": 4956000000,
    "depreciation": 529000000
  },
  "SCHW": {
    "ticker": "SCHW",
    "date": "2024-12-31",
    "revenue": 25999000000,
    "net_income": 5942000000,
    "operating_income": 7692000000,
    "ebit": 7692000000,
    "interest_expense": 6393000000,
    "ebitda": 9127000000,
    "gross_profit": 19606000000,
    "total_assets": 479843000000,
    "total_liabilities": 431468000000,
    "total_equity": 48375000000,
    "total_debt": 45134000000,
    "current_assets": 215375000000,
    "current_liabilities": 396715000000,
    "cash": 42083000000,
    "inventory": 0,
    "retained_earnings": 37568000000,
    "operating_cash_flow": 2670000000,
    "depreciation": 1435000000
  },
  "ADP": {
    "ticker": "ADP",
    "date": "2025-06-30",
    "revenue": 20560900000,
    "net_income": 4079700000,
    "operating_income": 5411900000,
    "ebit": 5411900000,
    "interest_expense": 455900000,
    "ebitda": 6242000000,
    "gross_profit": 10452200000,
    "total_assets": 53369300000,
    "total_liabilities": 47181300000,
    "total_equity": 6188000000,
    "total_debt": 9065400000,
    "current_assets": 43252200000,
    "current_liabilities": 41278300000,
    "cash": 3347800000,
    "inventory": 0,
    "retained_earnings": 25240600000,
    "operating_cash_flow": 4939700000,
    "depreciation": 486000000
  },
  "CB": {
    "ticker": "CB",
    "date": "2024-12-31",
    "revenue": 56150000000,
    "net_income": 9272000000,
    "operating_income": 11455000000,
    "ebit": 11455000000,
    "interest_expense": 741000000,
    "ebitda": 12519000000,
    "gross_profit": 16172000000,
    "total_assets": 246548000000,
    "total_liabilities": 178154000000,
    "total_equity": 64021000000,
    "total_debt": 15289000000,
    "current_assets": 0,
    "current_liabilities": 0,
    "cash": 2288000000,
    "inventory": 0,
    "retained_earnings": 61561000000,
    "operating_cash_flow": 16182000000,
    "depreciation": 323000000
  },
  "MMC": {
    "ticker": "MMC",
    "date": "2024-12-31",
    "revenue": 24458000000,
    "net_income": 4060000000,
    "operating_income": 5817000000,
    "ebit": 5817000000,
    "interest_expense": 700000000,
    "ebitda": 6926000000,
    "gross_profit": 10462000000,
    "total_assets": 56481000000,
    "total_liabilities": 42946000000,
    "total_equity": 13342000000,
    "total_debt": 21862000000,
    "current_assets": 22117000000,
    "current_liabilities": 19518000000,
    "cash": 2398000000,
    "inventory": 0,
    "retained_earnings": 25306000000,
    "operating_cash_flow": 4302000000,
    "depreciation": 746000000
  },
  "SYK": {
    "ticker": "SYK",
    "date": "2024-12-31",
    "revenue": 22595000000,
    "net_income": 2993000000,
    "operating_income": 5061000000,
    "ebit": 5061000000,
    "interest_expense": 396000000,
    "ebitda": 4938000000,
    "gross_profit": 13980000000,
    "total_assets": 42971000000,
    "total_liabilities": 22337000000,
    "total_equity": 20634000000,
    "total_debt": 14120000000,
    "current_assets": 14847000000,
    "current_liabilities": 7616000000,
    "cash": 3652000000,
    "inventory": 4774000000,
    "retained_earnings": 18528000000,
    "operating_cash_flow": 4242000000,
    "depreciation": 1050000000
  },
  "CI": {
    "ticker": "CI",
    "date": "2024-12-31",
    "revenue": 247121000000,
    "net_income": 3434000000,
    "operating_income": 9417000000,
    "ebit": 9417000000,
    "interest_expense": 1435000000,
    "ebitda": 11446000000,
    "gross_profit": 25964000000,
    "total_assets": 155881000000,
    "total_liabilities": 114638000000,
    "total_equity": 41033000000,
    "total_debt": 31972000000,
    "current_assets": 48870000000,
    "current_liabilities": 57979000000,
    "cash": 7550000000,
    "inventory": 6692000000,
    "retained_earnings": 43519000000,
    "operating_cash_flow": 10363000000,
    "depreciation": 2775000000
  },
  "ZTS": {
    "ticker": "ZTS",
    "date": "2024-12-31",
    "revenue": 9256000000,
    "net_income": 2486000000,
    "operating_income": 3392000000,
    "ebit": 3392000000,
    "interest_expense": 242000000,
    "ebitda": 3872000000,
    "gross_profit": 6396000000,
    "total_assets": 14237000000,
    "total_liabilities": 9467000000,
    "total_equity": 4770000000,
    "total_debt": 6744000000,
    "current_assets": 5986000000,
    "current_liabilities": 3412000000,
    "cash": 1985000000,
    "inventory": 2306000000,
    "retained_earnings": 11968000000,
    "operating_cash_flow": 2953000000,
    "depreciation": 497000000
  },
  "CRM": {
    "ticker": "CRM",
    "date": "2025-01-31",
    "revenue": 37895000000,
    "net_income": 6197000000,
    "operating_income": 7205000000,
    "ebit": 7205000000,
    "interest_expense": 272000000,
    "ebitda": 11143000000,
    "gross_profit": 29252000000,
    "total_assets": 102928000000,
    "total_liabilities": 41755000000,
    "total_equity": 61173000000,
    "total_debt": 11392000000,
    "current_assets": 29727000000,
    "current_liabilities": 27980000000,
    "cash": 8848000000,
    "inventory": 0,
    "retained_earnings": 16369000000,
    "operating_cash_flow": 13092000000,
    "depreciation": 3477000000
  },
  "INTC": {
    "ticker": "INTC",
    "date": "2024-12-28",
    "revenue": 53101000000,
    "net_income": -18756000000,
    "operating_income": -11678000000,
    "ebit": -11678000000,
    "interest_expense": 824000000,
    "ebitda": 1203000000,
    "gross_profit": 17345000000,
    "total_assets": 196485000000,
    "total_liabilities": 91453000000,
    "total_equity": 99270000000,
    "total_debt": 50011000000,
    "current_assets": 47324000000,
    "current_liabilities": 35666000000,
    "cash": 8249000000,
    "inventory": 12198000000,
    "retained_earnings": 49032000000,
    "operating_cash_flow": 8288000000,
    "depreciation": 11379000000
  },
  "MCD": {
    "ticker": "MCD",
    "date": "2024-12-31",
    "revenue": 25920000000,
    "net_income": 8223000000,
    "operating_income": 11712000000,
    "ebit": 11712000000,
    "interest_expense": 1506000000,
    "ebitda": 13948000000,
    "gross_profit": 14710000000,
    "total_assets": 55182000000,
    "total_liabilities": 58979000000,
    "total_equity": -3796000000,
    "total_debt": 51948000000,
    "current_assets": 4599000000,
    "current_liabilities": 3861000000,
    "cash": 1085000000,
    "inventory": 56000000,
    "retained_earnings": 66834000000,
    "operating_cash_flow": 9447000000,
    "depreciation": 2097000000
  },
  "CAT": {
    "ticker": "CAT",
    "date": "2024-12-31",
    "revenue": 64809000000,
    "net_income": 10792000000,
    "operating_income": 13072000000,
    "ebit": 13072000000,
    "interest_expense": 512000000,
    "ebitda": 16038000000,
    "gross_profit": 23324000000,
    "total_assets": 87764000000,
    "total_liabilities": 68270000000,
    "total_equity": 19491000000,
    "total_debt": 38409000000,
    "current_assets": 45682000000,
    "current_liabilities": 32272000000,
    "cash": 6889000000,
    "inventory": 16827000000,
    "retained_earnings": 59352000000,
    "operating_cash_flow": 12035000000,
    "depreciation": 2153000000
  },
  "DE": {
    "ticker": "DE",
    "date": "2025-11-02",
    "revenue": 44665000000,
    "net_income": 5027000000,
    "operating_income": 8416000000,
    "ebit": 8416000000,
    "interest_expense": 3170000000,
    "ebitda": 11656000000,
    "gross_profit": 16295000000,
    "total_assets": 105996000000,
    "total_liabilities": 79989000000,
    "total_equity": 25950000000,
    "total_debt": 63936000000,
    "current_assets": 74902000000,
    "current_liabilities": 32455000000,
    "cash": 8276000000,
    "inventory": 7508000000,
    "retained_earnings": 59676000000,
    "operating_cash_flow": 7459000000,
    "depreciation": 2229000000
  },
  "GS": {
    "ticker": "GS",
    "date": "2024-12-31",
    "revenue": 126853000000,
    "net_income": 14276000000,
    "operating_income": 18397000000,
    "ebit": 18397000000,
    "interest_expense": 73341000000,
    "ebitda": 20789000000,
    "gross_profit": 52164000000,
    "total_assets": 1675972000000,
    "total_liabilities": 1553976000000,
    "total_equity": 121996000000,
    "total_debt": 616935000000,
    "current_assets": 1073043000000,
    "current_liabilities": 1158274000000,
    "cash": 182092000000,
    "inventory": 0,
    "retained_earnings": 153412000000,
    "operating_cash_flow": -13212000000,
    "depreciation": 2392000000
  },
  "MS": {
    "ticker": "MS",
    "date": "2024-12-31",
    "revenue": 103145000000,
    "net_income": 13390000000,
    "operating_income": 17596000000,
    "ebit": 17596000000,
    "interest_expense": 45524000000,
    "ebitda": 22757000000,
    "gross_profit": 57357000000,
    "total_assets": 1215071000000,
    "total_liabilities": 1109643000000,
    "total_equity": 104511000000,
    "total_debt": 360488000000,
    "current_assets": 487747000000,
    "current_liabilities": 739491000000,
    "cash": 75743000000,
    "inventory": 0,
    "retained_earnings": 104989000000,
    "operating_cash_flow": 1362000000,
    "depreciation": 5161000000
  },
  "AXP": {
    "ticker": "AXP",
    "date": "2024-12-31",
    "revenue": 74201000000,
    "net_income": 10129000000,
    "operating_income": 12895000000,
    "ebit": 12895000000,
    "interest_expense": 8252000000,
    "ebitda": 14571000000,
    "gross_profit": 60764000000,
    "total_assets": 271461000000,
    "total_liabilities": 241197000000,
    "total_equity": 30264000000,
    "total_debt": 51089000000,
    "current_assets": 41505000000,
    "current_liabilities": 156792000000,
    "cash": 40552000000,
    "inventory": 0,
    "retained_earnings": 22148000000,
    "operating_cash_flow": 14050000000,
    "depreciation": 1676000000
  },
  "PLD": {
    "ticker": "PLD",
    "date": "2024-12-31",
    "revenue": 8201610000,
    "net_income": 3731635000,
    "operating_income": 4415920000,
    "ebit": 4415920000,
    "interest_expense": 837296000,
    "ebitda": 7532693000,
    "gross_profit": 6144369000,
    "total_assets": 95328909000,
    "total_liabilities": 36712139000,
    "total_equity": 53951138000,
    "total_debt": 31494568000,
    "current_assets": 2422879000,
    "current_liabilities": 2642298000,
    "cash": 1318591000,
    "inventory": 0,
    "retained_earnings": -465913000,
    "operating_cash_flow": 4912209000,
    "depreciation": 2580519000
  },
  "TGT": {
    "ticker": "TGT",
    "date": "2025-02-01",
    "revenue": 106566000000,
    "net_income": 4091000000,
    "operating_income": 5634000000,
    "ebit": 5634000000,
    "interest_expense": 411000000,
    "ebitda": 8676000000,
    "gross_profit": 27535000000,
    "total_assets": 57769000000,
    "total_liabilities": 43103000000,
    "total_equity": 14666000000,
    "total_debt": 19875000000,
    "current_assets": 19454000000,
    "current_liabilities": 20799000000,
    "cash": 4762000000,
    "inventory": 12740000000,
    "retained_earnings": 8090000000,
    "operating_cash_flow": 7367000000,
    "depreciation": 2981000000
  },
  "ISRG": {
    "ticker": "ISRG",
    "date": "2024-12-31",
    "revenue": 8352100000,
    "net_income": 2322600000,
    "operating_income": 2348900000,
    "ebit": 2348900000,
    "interest_expense": 0,
    "ebitda": 2810900000,
    "gross_profit": 5634200000,
    "total_assets": 18838600000,
    "total_liabilities": 2309000000,
    "total_equity": 16433700000,
    "total_debt": 146000000,
    "current_assets": 7111000000,
    "current_liabilities": 1745300000,
    "cash": 2027400000,
    "inventory": 1487200000,
    "retained_earnings": 6803300000,
    "operating_cash_flow": 2415000000,
    "depreciation": 462000000
  },
  "VRTX": {
    "ticker": "VRTX",
    "date": "2024-12-31",
    "revenue": 11020100000,
    "net_income": -535600000,
    "operating_income": -232900000,
    "ebit": -232900000,
    "interest_expense": 30600000,
    "ebitda": 486300000,
    "gross_profit": 9489600000,
    "total_assets": 22533200000,
    "total_liabilities": 6123600000,
    "total_equity": 16409600000,
    "total_debt": 1749500000,
    "current_assets": 9596400000,
    "current_liabilities": 3564600000,
    "cash": 4569600000,
    "inventory": 1205400000,
    "retained_earnings": 9606800000,
    "operating_cash_flow": -492600000,
    "depreciation": 207200000
  },
  "REGN": {
    "ticker": "REGN",
    "date": "2024-12-31",
    "revenue": 14202000000,
    "net_income": 4412600000,
    "operating_income": 3990700000,
    "ebit": 3990700000,
    "interest_expense": 55200000,
    "ebitda": 5318000000,
    "gross_profit": 12231500000,
    "total_assets": 37759400000,
    "total_liabilities": 8405800000,
    "total_equity": 29353600000,
    "total_debt": 2704400000,
    "current_assets": 18660900000,
    "current_liabilities": 3944300000,
    "cash": 2488200000,
    "inventory": 3087300000,
    "retained_earnings": 31672900000,
    "operating_cash_flow": 4420500000,
    "depreciation": 482900000
  },
  "GILD": {
    "ticker": "GILD",
    "date": "2024-12-31",
    "revenue": 28754000000,
    "net_income": 480000000,
    "operating_income": 1662000000,
    "ebit": 1662000000,
    "interest_expense": 977000000,
    "ebitda": 4434000000,
    "gross_profit": 22503000000,
    "total_assets": 58995000000,
    "total_liabilities": 39749000000,
    "total_equity": 19330000000,
    "total_debt": 26711000000,
    "current_assets": 19173000000,
    "current_liabilities": 12004000000,
    "cash": 9991000000,
    "inventory": 1710000000,
    "retained_earnings": 11497000000,
    "operating_cash_flow": 10828000000,
    "depreciation": 2767000000
  },
  "NOW": {
    "ticker": "NOW",
    "date": "2024-12-31",
    "revenue": 10984000000,
    "net_income": 1425000000,
    "operating_income": 1364000000,
    "ebit": 1364000000,
    "interest_expense": 23000000,
    "ebitda": 2226000000,
    "gross_profit": 8697000000,
    "total_assets": 20383000000,
    "total_liabilities": 10774000000,
    "total_equity": 9609000000,
    "total_debt": 2278000000,
    "current_assets": 9187000000,
    "current_liabilities": 8358000000,
    "cash": 2304000000,
    "inventory": 0,
    "retained_earnings": 3494000000,
    "operating_cash_flow": 4267000000,
    "depreciation": 564000000
  },
  "AMAT": {
    "ticker": "AMAT",
    "date": "2025-10-26",
    "revenue": 28368000000,
    "net_income": 6998000000,
    "operating_income": 8289000000,
    "ebit": 8289000000,
    "interest_expense": 269000000,
    "ebitda": 9650000000,
    "gross_profit": 13808000000,
    "total_assets": 36299000000,
    "total_liabilities": 15884000000,
    "total_equity": 20415000000,
    "total_debt": 7050000000,
    "current_assets": 20881000000,
    "current_liabilities": 7999000000,
    "cash": 7241000000,
    "inventory": 5915000000,
    "retained_earnings": 55227000000,
    "operating_cash_flow": 7958000000,
    "depreciation": 435000000
  },
  "ADI": {
    "ticker": "ADI",
    "date": "2025-11-01",
    "revenue": 11019707000,
    "net_income": 2267342000,
    "operating_income": 3002476000,
    "ebit": 3002476000,
    "interest_expense": 317716000,
    "ebitda": 5028673000,
    "gross_profit": 6023816000,
    "total_assets": 47992712000,
    "total_liabilities": 14176957000,
    "total_equity": 33815755000,
    "total_debt": 8664610000,
    "current_assets": 7108061000,
    "current_liabilities": 3245801000,
    "cash": 2499406000,
    "inventory": 1656323000,
    "retained_earnings": 10539541000,
    "operating_cash_flow": 4812202000,
    "depreciation": 1998845000
  },
  "LRCX": {
    "ticker": "LRCX",
    "date": "2025-06-29",
    "revenue": 18435591000,
    "net_income": 5358217000,
    "operating_income": 5900968000,
    "ebit": 5900968000,
    "interest_expense": 178203000,
    "ebitda": 6344406000,
    "gross_profit": 8979059000,
    "total_assets": 21345260000,
    "total_liabilities": 11483641000,
    "total_equity": 9861619000,
    "total_debt": 4756555000,
    "current_assets": 14516995000,
    "current_liabilities": 6568425000,
    "cash": 6390659000,
    "inventory": 4307991000,
    "retained_earnings": 28988914000,
    "operating_cash_flow": 6173264000,
    "depreciation": 386277000
  },
  "KLAC": {
    "ticker": "KLAC",
    "date": "2025-06-30",
    "revenue": 12156162000,
    "net_income": 4061643000,
    "operating_income": 5241045000,
    "ebit": 5241045000,
    "interest_expense": 302166000,
    "ebitda": 5340702000,
    "gross_profit": 7575158000,
    "total_assets": 16067926000,
    "total_liabilities": 11375473000,
    "total_equity": 4692453000,
    "total_debt": 6088282000,
    "current_assets": 10698789000,
    "current_liabilities": 4085795000,
    "cash": 2078908000,
    "inventory": 3212149000,
    "retained_earnings": 2179330000,
    "operating_cash_flow": 4081903000,
    "depreciation": 394088000
  },
  "MU": {
    "ticker": "MU",
    "date": "2025-08-28",
    "revenue": 37378000000,
    "net_income": 8539000000,
    "operating_income": 9870000000,
    "ebit": 9870000000,
    "interest_expense": 477000000,
    "ebitda": 18492000000,
    "gross_profit": 14873000000,
    "total_assets": 82798000000,
    "total_liabilities": 28633000000,
    "total_equity": 54165000000,
    "total_debt": 15278000000,
    "current_assets": 28841000000,
    "current_liabilities": 11454000000,
    "cash": 9642000000,
    "inventory": 8355000000,
    "retained_earnings": 48583000000,
    "operating_cash_flow": 17525000000,
    "depreciation": 8352000000
  },
  "EOG": {
    "ticker": "EOG",
    "date": "2024-12-31",
    "revenue": 23378000000,
    "net_income": 6403000000,
    "operating_income": 8082000000,
    "ebit": 8082000000,
    "interest_expense": 138000000,
    "ebitda": 12464000000,
    "gross_profit": 17698000000,
    "total_assets": 47186000000,
    "total_liabilities": 17835000000,
    "total_equity": 29351000000,
    "total_debt": 5067000000,
    "current_assets": 11230000000,
    "current_liabilities": 5354000000,
    "cash": 7092000000,
    "inventory": 985000000,
    "retained_earnings": 26941000000,
    "operating_cash_flow": 12143000000,
    "depreciation": 4108000000
  },
  "SLB": {
    "ticker": "SLB",
    "date": "2024-12-31",
    "revenue": 36289000000,
    "net_income": 4461000000,
    "operating_income": 6326000000,
    "ebit": 6326000000,
    "interest_expense": 512000000,
    "ebitda": 8069000000,
    "gross_profit": 7460000000,
    "total_assets": 48935000000,
    "total_liabilities": 26585000000,
    "total_equity": 21130000000,
    "total_debt": 12074000000,
    "current_assets": 18570000000,
    "current_liabilities": 12811000000,
    "cash": 3544000000,
    "inventory": 4375000000,
    "retained_earnings": 16395000000,
    "operating_cash_flow": 6602000000,
    "depreciation": 1885000000
  },
  "PXD": {
    "ticker": "PXD",
    "date": "2023-12-31",
    "revenue": 19374000000,
    "net_income": 4885000000,
    "operating_income": -1407000000,
    "ebit": -1407000000,
    "interest_expense": 142000000,
    "ebitda": 9298000000,
    "gross_profit": 7100000000,
    "total_assets": 36613000000,
    "total_liabilities": 13442000000,
    "total_equity": 23171000000,
    "total_debt": 5258000000,
    "current_assets": 2605000000,
    "current_liabilities": 2974000000,
    "cash": 240000000,
    "inventory": 476000000,
    "retained_earnings": 7280000000,
    "operating_cash_flow": 8448000000,
    "depreciation": 2862000000
  },
  "APD": {
    "ticker": "APD",
    "date": "2025-09-30",
    "revenue": 12037300000,
    "net_income": -394500000,
    "operating_income": -877000000,
    "ebit": -877000000,
    "interest_expense": 214000000,
    "ebitda": 1337500000,
    "gross_profit": 3781300000,
    "total_assets": 41059500000,
    "total_liabilities": 23709700000,
    "total_equity": 15024900000,
    "total_debt": 18406200000,
    "current_assets": 5825800000,
    "current_liabilities": 4218600000,
    "cash": 1856000000,
    "inventory": 776500000,
    "retained_earnings": 17558600000,
    "operating_cash_flow": 3256800000,
    "depreciation": 1564200000
  },
  "SHW": {
    "ticker": "SHW",
    "date": "2024-12-31",
    "revenue": 23098500000,
    "net_income": 2681400000,
    "operating_income": 3761900000,
    "ebit": 3761900000,
    "interest_expense": 431400000,
    "ebitda": 4491500000,
    "gross_profit": 11195100000,
    "total_assets": 23632600000,
    "total_liabilities": 19581400000,
    "total_equity": 4051200000,
    "total_debt": 11913300000,
    "current_assets": 5400800000,
    "current_liabilities": 6808700000,
    "cash": 210400000,
    "inventory": 2288100000,
    "retained_earnings": 7246300000,
    "operating_cash_flow": 3153200000,
    "depreciation": 624000000
  },
  "ECL": {
    "ticker": "ECL",
    "date": "2024-12-31",
    "revenue": 15741400000,
    "net_income": 2112400000,
    "operating_income": 2612400000,
    "ebit": 2612400000,
    "interest_expense": 338400000,
    "ebitda": 3845000000,
    "gross_profit": 6843000000,
    "total_assets": 22387800000,
    "total_liabilities": 13598600000,
    "total_equity": 8757300000,
    "total_debt": 8282700000,
    "current_assets": 6025700000,
    "current_liabilities": 4792800000,
    "cash": 1256800000,
    "inventory": 1464900000,
    "retained_earnings": 11517100000,
    "operating_cash_flow": 2813900000,
    "depreciation": 935400000
  },
  "CME": {
    "ticker": "CME",
    "date": "2024-12-31",
    "revenue": 6130100000,
    "net_income": 3525800000,
    "operating_income": 3931500000,
    "ebit": 3931500000,
    "interest_expense": 160900000,
    "ebitda": 5039100000,
    "gross_profit": 5279800000,
    "total_assets": 137447000000,
    "total_liabilities": 110960100000,
    "total_equity": 26486900000,
    "total_debt": 3428000000,
    "current_assets": 103033500000,
    "current_liabilities": 102313900000,
    "cash": 2892400000,
    "inventory": 0,
    "retained_earnings": 4185800000,
    "operating_cash_flow": 3690500000,
    "depreciation": 336800000
  },
  "ICE": {
    "ticker": "ICE",
    "date": "2024-12-31",
    "revenue": 11761000000,
    "net_income": 2754000000,
    "operating_income": 4309000000,
    "ebit": 4309000000,
    "interest_expense": 910000000,
    "ebitda": 6075000000,
    "gross_profit": 6522000000,
    "total_assets": 139428000000,
    "total_liabilities": 111708000000,
    "total_equity": 27647000000,
    "total_debt": 20703000000,
    "current_assets": 89095000000,
    "current_liabilities": 89553000000,
    "cash": 844000000,
    "inventory": 0,
    "retained_earnings": 18071000000,
    "operating_cash_flow": 4609000000,
    "depreciation": 1537000000
  },
  "PNC": {
    "ticker": "PNC",
    "date": "2024-12-31",
    "revenue": 33694000000,
    "net_income": 5889000000,
    "operating_income": 7242000000,
    "ebit": 7242000000,
    "interest_expense": 12885000000,
    "ebitda": 7501000000,
    "gross_profit": 20012000000,
    "total_assets": 560038000000,
    "total_liabilities": 505569000000,
    "total_equity": 54425000000,
    "total_debt": 61673000000,
    "current_assets": 62331000000,
    "current_liabilities": 426738000000,
    "cash": 46251000000,
    "inventory": 0,
    "retained_earnings": 59282000000,
    "operating_cash_flow": 7880000000,
    "depreciation": 259000000
  },
  "USB": {
    "ticker": "USB",
    "date": "2024-12-31",
    "revenue": 42712000000,
    "net_income": 6299000000,
    "operating_income": 7909000000,
    "ebit": 7909000000,
    "interest_expense": 15377000000,
    "ebitda": 8848000000,
    "gross_profit": 25097000000,
    "total_assets": 678318000000,
    "total_liabilities": 619278000000,
    "total_equity": 58578000000,
    "total_debt": 73520000000,
    "current_assets": 151136000000,
    "current_liabilities": 533827000000,
    "cash": 56502000000,
    "inventory": 0,
    "retained_earnings": 76863000000,
    "operating_cash_flow": 11273000000,
    "depreciation": 939000000
  },
  "TFC": {
    "ticker": "TFC",
    "date": "2024-12-31",
    "revenue": 24253000000,
    "net_income": 4818000000,
    "operating_income": -601000000,
    "ebit": -601000000,
    "interest_expense": 10975000000,
    "ebitda": 378000000,
    "gross_profit": 11408000000,
    "total_assets": 531176000000,
    "total_liabilities": 467497000000,
    "total_equity": 63679000000,
    "total_debt": 62265000000,
    "current_assets": 58660000000,
    "current_liabilities": 417833000000,
    "cash": 39768000000,
    "inventory": 0,
    "retained_earnings": 23777000000,
    "operating_cash_flow": 2164000000,
    "depreciation": 979000000
  },
  "SO": {
    "ticker": "SO",
    "date": "2024-12-31",
    "revenue": 26724000000,
    "net_income": 4401000000,
    "operating_income": 7068000000,
    "ebit": 7068000000,
    "interest_expense": 2743000000,
    "ebitda": 13238000000,
    "gross_profit": 13342000000,
    "total_assets": 145180000000,
    "total_liabilities": 108506000000,
    "total_equity": 33208000000,
    "total_debt": 66277000000,
    "current_assets": 10694000000,
    "current_liabilities": 15993000000,
    "cash": 1070000000,
    "inventory": 3369000000,
    "retained_earnings": 13750000000,
    "operating_cash_flow": 9788000000,
    "depreciation": 5266000000
  },
  "DUK": {
    "ticker": "DUK",
    "date": "2024-12-31",
    "revenue": 30357000000,
    "net_income": 4510000000,
    "operating_income": 7926000000,
    "ebit": 7926000000,
    "interest_expense": 3384000000,
    "ebitda": 14997000000,
    "gross_profit": 15197000000,
    "total_assets": 186343000000,
    "total_liabilities": 135088000000,
    "total_equity": 50126000000,
    "total_debt": 85230000000,
    "current_assets": 12950000000,
    "current_liabilities": 19357000000,
    "cash": 314000000,
    "inventory": 4509000000,
    "retained_earnings": 3431000000,
    "operating_cash_flow": 12328000000,
    "depreciation": 6419000000
  },
  "D": {
    "ticker": "D",
    "date": "2024-12-31",
    "revenue": 14459000000,
    "net_income": 2124000000,
    "operating_income": 3247000000,
    "ebit": 3247000000,
    "interest_expense": 1887000000,
    "ebitda": 6708000000,
    "gross_profit": 6922000000,
    "total_assets": 102415000000,
    "total_liabilities": 72223000000,
    "total_equity": 27253000000,
    "total_debt": 41750000000,
    "current_assets": 6613000000,
    "current_liabilities": 9289000000,
    "cash": 310000000,
    "inventory": 1764000000,
    "retained_earnings": 2035000000,
    "operating_cash_flow": 5018000000,
    "depreciation": 2345000000
  },
  "AEP": {
    "ticker": "AEP",
    "date": "2024-12-31",
    "revenue": 19916500000,
    "net_income": 2967100000,
    "operating_income": 4760700000,
    "ebit": 4760700000,
    "interest_expense": 1857500000,
    "ebitda": 8093200000,
    "gross_profit": 6357000000,
    "total_assets": 103078000000,
    "total_liabilities": 76091900000,
    "total_equity": 26943800000,
    "total_debt": 45762800000,
    "current_assets": 5788800000,
    "current_liabilities": 13009300000,
    "cash": 202900000,
    "inventory": 1715100000,
    "retained_earnings": 13869200000,
    "operating_cash_flow": 6804300000,
    "depreciation": 3392800000
  },
  "EXC": {
    "ticker": "EXC",
    "date": "2024-12-31",
    "revenue": 23028000000,
    "net_income": 2460000000,
    "operating_income": 4319000000,
    "ebit": 4319000000,
    "interest_expense": 1914000000,
    "ebitda": 8175000000,
    "gross_profit": 9405000000,
    "total_assets": 107784000000,
    "total_liabilities": 80863000000,
    "total_equity": 26921000000,
    "total_debt": 46649000000,
    "current_assets": 8384000000,
    "current_liabilities": 9611000000,
    "cash": 357000000,
    "inventory": 853000000,
    "retained_earnings": 6426000000,
    "operating_cash_flow": 5569000000,
    "depreciation": 2918000000
  },
  "SRE": {
    "ticker": "SRE",
    "date": "2024-12-31",
    "revenue": 12957000000,
    "net_income": 2862000000,
    "operating_income": 2831000000,
    "ebit": 2831000000,
    "interest_expense": 1303000000,
    "ebitda": 5850000000,
    "gross_profit": 3524000000,
    "total_assets": 96155000000,
    "total_liabilities": 58367000000,
    "total_equity": 31242000000,
    "total_debt": 35848000000,
    "current_assets": 5285000000,
    "current_liabilities": 9676000000,
    "cash": 1565000000,
    "inventory": 559000000,
    "retained_earnings": 16979000000,
    "operating_cash_flow": 4907000000,
    "depreciation": 2437000000
  },
  "WM": {
    "ticker": "WM",
    "date": "2024-12-31",
    "revenue": 22063000000,
    "net_income": 2746000000,
    "operating_income": 4149000000,
    "ebit": 4149000000,
    "interest_expense": 598000000,
    "ebitda": 6456000000,
    "gross_profit": 6413000000,
    "total_assets": 44567000000,
    "total_liabilities": 36313000000,
    "total_equity": 8252000000,
    "total_debt": 23900000000,
    "current_assets": 4774000000,
    "current_liabilities": 6258000000,
    "cash": 414000000,
    "inventory": 206000000,
    "retained_earnings": 15858000000,
    "operating_cash_flow": 5390000000,
    "depreciation": 1472000000
  },
  "RSG": {
    "ticker": "RSG",
    "date": "2024-12-31",
    "revenue": 16032000000,
    "net_income": 2043000000,
    "operating_income": 3224000000,
    "ebit": 3224000000,
    "interest_expense": 550000000,
    "ebitda": 4766000000,
    "gross_profit": 4898000000,
    "total_assets": 32402000000,
    "total_liabilities": 20995000000,
    "total_equity": 11405000000,
    "total_debt": 12957000000,
    "current_assets": 2406000000,
    "current_liabilities": 4128000000,
    "cash": 74000000,
    "inventory": 98000000,
    "retained_earnings": 9774000000,
    "operating_cash_flow": 3936000000,
    "depreciation": 1784000000
  },
  "ITW": {
    "ticker": "ITW",
    "date": "2024-12-31",
    "revenue": 15898000000,
    "net_income": 3488000000,
    "operating_income": 4264000000,
    "ebit": 4264000000,
    "interest_expense": 283000000,
    "ebitda": 5107000000,
    "gross_profit": 6939000000,
    "total_assets": 15067000000,
    "total_liabilities": 11750000000,
    "total_equity": 3316000000,
    "total_debt": 8078000000,
    "current_assets": 5856000000,
    "current_liabilities": 4308000000,
    "cash": 948000000,
    "inventory": 1605000000,
    "retained_earnings": 28893000000,
    "operating_cash_flow": 3281000000,
    "depreciation": 402000000
  },
  "EMR": {
    "ticker": "EMR",
    "date": "2025-09-30",
    "revenue": 18016000000,
    "net_income": 2293000000,
    "operating_income": 2238000000,
    "ebit": 2238000000,
    "interest_expense": 237000000,
    "ebitda": 4860000000,
    "gross_profit": 9519000000,
    "total_assets": 41964000000,
    "total_liabilities": 21666000000,
    "total_equity": 20282000000,
    "total_debt": 13759000000,
    "current_assets": 8583000000,
    "current_liabilities": 9797000000,
    "cash": 1544000000,
    "inventory": 2213000000,
    "retained_earnings": 40603000000,
    "operating_cash_flow": 3098000000,
    "depreciation": 1518000000
  },
  "ETN": {
    "ticker": "ETN",
    "date": "2024-12-31",
    "revenue": 24878000000,
    "net_income": 3794000000,
    "operating_income": 4866000000,
    "ebit": 4866000000,
    "interest_expense": 144000000,
    "ebitda": 5631000000,
    "gross_profit": 9499000000,
    "total_assets": 38381000000,
    "total_liabilities": 19850000000,
    "total_equity": 18488000000,
    "total_debt": 9821000000,
    "current_assets": 11801000000,
    "current_liabilities": 7857000000,
    "cash": 555000000,
    "inventory": 4227000000,
    "retained_earnings": 10096000000,
    "operating_cash_flow": 4327000000,
    "depreciation": 921000000
  },
  "ROK": {
    "ticker": "ROK",
    "date": "2025-09-30",
    "revenue": 8342000000,
    "net_income": 869000000,
    "operating_income": 1423000000,
    "ebit": 1423000000,
    "interest_expense": 156000000,
    "ebitda": 1398000000,
    "gross_profit": 4016000000,
    "total_assets": 11219000000,
    "total_liabilities": 7508000000,
    "total_equity": 3654000000,
    "total_debt": 3647000000,
    "current_assets": 3911000000,
    "current_liabilities": 3445000000,
    "cash": 468000000,
    "inventory": 1247000000,
    "retained_earnings": 5422000000,
    "operating_cash_flow": 1544000000,
    "depreciation": 325000000
  },
  "AMD": {
    "ticker": "AMD",
    "date": "2024-12-28",
    "revenue": 25785000000,
    "net_income": 1641000000,
    "operating_income": 1900000000,
    "ebit": 1900000000,
    "interest_expense": 92000000,
    "ebitda": 5258000000,
    "gross_profit": 12725000000,
    "total_assets": 69226000000,
    "total_liabilities": 11658000000,
    "total_equity": 57568000000,
    "total_debt": 2212000000,
    "current_assets": 19049000000,
    "current_liabilities": 7281000000,
    "cash": 3787000000,
    "inventory": 5734000000,
    "retained_earnings": 2364000000,
    "operating_cash_flow": 3041000000,
    "depreciation": 3177000000
  },
  "QCOM": {
    "ticker": "QCOM",
    "date": "2025-09-28",
    "revenue": 44284000000,
    "net_income": 5541000000,
    "operating_income": 12355000000,
    "ebit": 12355000000,
    "interest_expense": 664000000,
    "ebitda": 14929000000,
    "gross_profit": 24546000000,
    "total_assets": 50143000000,
    "total_liabilities": 28937000000,
    "total_equity": 21206000000,
    "total_debt": 14811000000,
    "current_assets": 25754000000,
    "current_liabilities": 9144000000,
    "cash": 5520000000,
    "inventory": 6526000000,
    "retained_earnings": 20646000000,
    "operating_cash_flow": 14012000000,
    "depreciation": 1602000000
  },
  "IBM": {
    "ticker": "IBM",
    "date": "2024-12-31",
    "revenue": 62753000000,
    "net_income": 6023000000,
    "operating_income": 10074000000,
    "ebit": 10074000000,
    "interest_expense": 1712000000,
    "ebitda": 12176000000,
    "gross_profit": 35551000000,
    "total_assets": 137175000000,
    "total_liabilities": 109782000000,
    "total_equity": 27307000000,
    "total_debt": 58396000000,
    "current_assets": 34482000000,
    "current_liabilities": 33142000000,
    "cash": 13947000000,
    "inventory": 1289000000,
    "retained_earnings": 151163000000,
    "operating_cash_flow": 13445000000,
    "depreciation": 4667000000
  },
  "BA": {
    "ticker": "BA",
    "date": "2024-12-31",
    "revenue": 66518000000,
    "net_income": -11817000000,
    "operating_income": -10789000000,
    "ebit": -10789000000,
    "interest_expense": 2725000000,
    "ebitda": -7649000000,
    "gross_profit": -1958000000,
    "total_assets": 156363000000,
    "total_liabilities": 160277000000,
    "total_equity": -3908000000,
    "total_debt": 54188000000,
    "current_assets": 127998000000,
    "current_liabilities": 97078000000,
    "cash": 13801000000,
    "inventory": 87550000000,
    "retained_earnings": 15362000000,
    "operating_cash_flow": -12080000000,
    "depreciation": 1836000000
  },
  "GE": {
    "ticker": "GE",
    "date": "2024-12-31",
    "revenue": 38702000000,
    "net_income": 6556000000,
    "operating_income": 6761000000,
    "ebit": 6761000000,
    "interest_expense": 986000000,
    "ebitda": 9790000000,
    "gross_profit": 14394000000,
    "total_assets": 125761000000,
    "total_liabilities": 106196000000,
    "total_equity": 19342000000,
    "total_debt": 20378000000,
    "current_assets": 37635000000,
    "current_liabilities": 34392000000,
    "cash": 13619000000,
    "inventory": 9763000000,
    "retained_earnings": 80488000000,
    "operating_cash_flow": 4710000000,
    "depreciation": 1184000000
  },
  "LMT": {
    "ticker": "LMT",
    "date": "2024-12-31",
    "revenue": 71043000000,
    "net_income": 5336000000,
    "operating_income": 7013000000,
    "ebit": 7013000000,
    "interest_expense": 1036000000,
    "ebitda": 8816000000,
    "gross_profit": 6930000000,
    "total_assets": 55617000000,
    "total_liabilities": 49284000000,
    "total_equity": 6333000000,
    "total_debt": 21418000000,
    "current_assets": 21849000000,
    "current_liabilities": 19420000000,
    "cash": 2483000000,
    "inventory": 3474000000,
    "retained_earnings": 14551000000,
    "operating_cash_flow": 6972000000,
    "depreciation": 1559000000
  },
  "NOC": {
    "ticker": "NOC",
    "date": "2024-12-31",
    "revenue": 41033000000,
    "net_income": 4174000000,
    "operating_income": 4370000000,
    "ebit": 4370000000,
    "interest_expense": 621000000,
    "ebitda": 6839000000,
    "gross_profit": 8362000000,
    "total_assets": 49359000000,
    "total_liabilities": 34069000000,
    "total_equity": 15290000000,
    "total_debt": 18396000000,
    "current_assets": 14274000000,
    "current_liabilities": 14128000000,
    "cash": 4353000000,
    "inventory": 1455000000,
    "retained_earnings": 15297000000,
    "operating_cash_flow": 4388000000,
    "depreciation": 1370000000
  },
  "GD": {
    "ticker": "GD",
    "date": "2024-12-31",
    "revenue": 47716000000,
    "net_income": 3782000000,
    "operating_income": 4796000000,
    "ebit": 4796000000,
    "interest_expense": 393000000,
    "ebitda": 5819000000,
    "gross_profit": 7364000000,
    "total_assets": 55880000000,
    "total_liabilities": 33817000000,
    "total_equity": 22063000000,
    "total_debt": 10676000000,
    "current_assets": 24386000000,
    "current_liabilities": 17824000000,
    "cash": 1697000000,
    "inventory": 9724000000,
    "retained_earnings": 41487000000,
    "operating_cash_flow": 4112000000,
    "depreciation": 886000000
  },
  "UPS": {
    "ticker": "UPS",
    "date": "2024-12-31",
    "revenue": 90894000000,
    "net_income": 5782000000,
    "operating_income": 8685000000,
    "ebit": 8685000000,
    "interest_expense": 861000000,
    "ebitda": 11912000000,
    "gross_profit": 17058000000,
    "total_assets": 70070000000,
    "total_liabilities": 53327000000,
    "total_equity": 16718000000,
    "total_debt": 25652000000,
    "current_assets": 19310000000,
    "current_liabilities": 16441000000,
    "cash": 6112000000,
    "inventory": 826000000,
    "retained_earnings": 20882000000,
    "operating_cash_flow": 10122000000,
    "depreciation": 3609000000
  },
  "DIS": {
    "ticker": "DIS",
    "date": "2025-09-27",
    "revenue": 94425000000,
    "net_income": 12404000000,
    "operating_income": 13832000000,
    "ebit": 13832000000,
    "interest_expense": 1812000000,
    "ebitda": 19141000000,
    "gross_profit": 35659000000,
    "total_assets": 197514000000,
    "total_liabilities": 82902000000,
    "total_equity": 109869000000,
    "total_debt": 44877000000,
    "current_assets": 24267000000,
    "current_liabilities": 34162000000,
    "cash": 5695000000,
    "inventory": 2134000000,
    "retained_earnings": 60410000000,
    "operating_cash_flow": 18101000000,
    "depreciation": 5326000000
  },
  "CMCSA": {
    "ticker": "CMCSA",
    "date": "2024-12-31",
    "revenue": 123731000000,
    "net_income": 16192000000,
    "operating_income": 23298000000,
    "ebit": 23298000000,
    "interest_expense": 4134000000,
    "ebitda": 37608000000,
    "gross_profit": 71904000000,
    "total_assets": 266211000000,
    "total_liabilities": 179937000000,
    "total_equity": 85560000000,
    "total_debt": 99093000000,
    "current_assets": 26801000000,
    "current_liabilities": 39581000000,
    "cash": 7322000000,
    "inventory": 0,
    "retained_earnings": 56972000000,
    "operating_cash_flow": 27673000000,
    "depreciation": 14802000000
  },
  "TMUS": {
    "ticker": "TMUS",
    "date": "2024-12-31",
    "revenue": 81400000000,
    "net_income": 11339000000,
    "operating_income": 18010000000,
    "ebit": 18010000000,
    "interest_expense": 3411000000,
    "ebitda": 31042000000,
    "gross_profit": 51747000000,
    "total_assets": 208035000000,
    "total_liabilities": 146294000000,
    "total_equity": 61741000000,
    "total_debt": 114404000000,
    "current_assets": 18404000000,
    "current_liabilities": 20174000000,
    "cash": 5409000000,
    "inventory": 1607000000,
    "retained_earnings": 14384000000,
    "operating_cash_flow": 22293000000,
    "depreciation": 12919000000
  },
  "CL": {
    "ticker": "CL",
    "date": "2024-12-31",
    "revenue": 20101000000,
    "net_income": 2889000000,
    "operating_income": 4383000000,
    "ebit": 4383000000,
    "interest_expense": 292000000,
    "ebitda": 4853000000,
    "gross_profit": 12106000000,
    "total_assets": 16046000000,
    "total_liabilities": 15502000000,
    "total_equity": 212000000,
    "total_debt": 8512000000,
    "current_assets": 5317000000,
    "current_liabilities": 5759000000,
    "cash": 1096000000,
    "inventory": 1987000000,
    "retained_earnings": 26145000000,
    "operating_cash_flow": 4107000000,
    "depreciation": 605000000
  },
  "EL": {
    "ticker": "EL",
    "date": "2025-06-30",
    "revenue": 14288000000,
    "net_income": -1133000000,
    "operating_income": 958000000,
    "ebit": 958000000,
    "interest_expense": 404000000,
    "ebitda": 193000000,
    "gross_profit": 10558000000,
    "total_assets": 19892000000,
    "total_liabilities": 16027000000,
    "total_equity": 3865000000,
    "total_debt": 9439000000,
    "current_assets": 7069000000,
    "current_liabilities": 5435000000,
    "cash": 2921000000,
    "inventory": 2074000000,
    "retained_earnings": 11672000000,
    "operating_cash_flow": 1272000000,
    "depreciation": 829000000
  },
  "KMB": {
    "ticker": "KMB",
    "date": "2024-12-31",
    "revenue": 20058000000,
    "net_income": 2545000000,
    "operating_income": 3210000000,
    "ebit": 3210000000,
    "interest_expense": 270000000,
    "ebitda": 3978000000,
    "gross_profit": 7180000000,
    "total_assets": 16546000000,
    "total_liabilities": 15571000000,
    "total_equity": 840000000,
    "total_debt": 7916000000,
    "current_assets": 5580000000,
    "current_liabilities": 7004000000,
    "cash": 1021000000,
    "inventory": 1822000000,
    "retained_earnings": 9257000000,
    "operating_cash_flow": 3234000000,
    "depreciation": 781000000
  },
  "GIS": {
    "ticker": "GIS",
    "date": "2025-05-25",
    "revenue": 19486600000,
    "net_income": 2295200000,
    "operating_income": 3304800000,
    "ebit": 3304800000,
    "interest_expense": 549300000,
    "ebitda": 3922800000,
    "gross_profit": 6733000000,
    "total_assets": 33071100000,
    "total_liabilities": 23859900000,
    "total_equity": 9199200000,
    "total_debt": 15296700000,
    "current_assets": 5275700000,
    "current_liabilities": 7857300000,
    "cash": 363900000,
    "inventory": 1910800000,
    "retained_earnings": 21917800000,
    "operating_cash_flow": 2918200000,
    "depreciation": 539000000
  },
  "K": {
    "ticker": "K",
    "date": "2024-12-28",
    "revenue": 12749000000,
    "net_income": 1343000000,
    "operating_income": 1873000000,
    "ebit": 1873000000,
    "interest_expense": 354000000,
    "ebitda": 2332000000,
    "gross_profit": 4545000000,
    "total_assets": 15628000000,
    "total_liabilities": 11746000000,
    "total_equity": 3775000000,
    "total_debt": 6342000000,
    "current_assets": 3754000000,
    "current_liabilities": 4660000000,
    "cash": 694000000,
    "inventory": 1165000000,
    "retained_earnings": 9358000000,
    "operating_cash_flow": 1760000000,
    "depreciation": 367000000
  },
  "HSY": {
    "ticker": "HSY",
    "date": "2024-12-31",
    "revenue": 11202263000,
    "net_income": 2221239000,
    "operating_income": 2898232000,
    "ebit": 2898232000,
    "interest_expense": 174317000,
    "ebitda": 3103508000,
    "gross_profit": 5300888000,
    "total_assets": 12946861000,
    "total_liabilities": 8232207000,
    "total_equity": 4714654000,
    "total_debt": 5447554000,
    "current_assets": 3759457000,
    "current_liabilities": 3929495000,
    "cash": 730746000,
    "inventory": 1254094000,
    "retained_earnings": 5698316000,
    "operating_cash_flow": 2531596000,
    "depreciation": 455255000
  },
  "MKC": {
    "ticker": "MKC",
    "date": "2024-11-30",
    "revenue": 6723700000,
    "net_income": 788500000,
    "operating_income": 1060300000,
    "ebit": 1060300000,
    "interest_expense": 209400000,
    "ebitda": 1316500000,
    "gross_profit": 2591000000,
    "total_assets": 13070300000,
    "total_liabilities": 7753500000,
    "total_equity": 5291000000,
    "total_debt": 4508500000,
    "current_assets": 2139000000,
    "current_liabilities": 2882800000,
    "cash": 186100000,
    "inventory": 1239900000,
    "retained_earnings": 3545000000,
    "operating_cash_flow": 921900000,
    "depreciation": 208800000
  },
  "STZ": {
    "ticker": "STZ",
    "date": "2025-02-28",
    "revenue": 10207900000,
    "net_income": -81400000,
    "operating_income": 3619000000,
    "ebit": 3619000000,
    "interest_expense": 411400000,
    "ebitda": 782600000,
    "gross_profit": 5201700000,
    "total_assets": 21652300000,
    "total_liabilities": 14517500000,
    "total_equity": 6882000000,
    "total_debt": 12113500000,
    "current_assets": 3716400000,
    "current_liabilities": 4035200000,
    "cash": 68100000,
    "inventory": 1437200000,
    "retained_earnings": 12603400000,
    "operating_cash_flow": 3152200000,
    "depreciation": 445700000
  },
  "TAP": {
    "ticker": "TAP",
    "date": "2024-12-31",
    "revenue": 11627000000,
    "net_income": 1122400000,
    "operating_income": 1753200000,
    "ebit": 1753200000,
    "interest_expense": 279300000,
    "ebitda": 2545100000,
    "gross_profit": 4533400000,
    "total_assets": 26064300000,
    "total_liabilities": 12611600000,
    "total_equity": 13092400000,
    "total_debt": 6192800000,
    "current_assets": 2848400000,
    "current_liabilities": 3045200000,
    "cash": 969300000,
    "inventory": 727800000,
    "retained_earnings": 8238000000,
    "operating_cash_flow": 1910300000,
    "depreciation": 759400000
  },
  "SYY": {
    "ticker": "SYY",
    "date": "2025-06-28",
    "revenue": 81370000000,
    "net_income": 1828000000,
    "operating_income": 3088000000,
    "ebit": 3088000000,
    "interest_expense": 635000000,
    "ebitda": 4136000000,
    "gross_profit": 14969000000,
    "total_assets": 26774000000,
    "total_liabilities": 24917000000,
    "total_equity": 1830000000,
    "total_debt": 14494000000,
    "current_assets": 11968000000,
    "current_liabilities": 9916000000,
    "cash": 1071000000,
    "inventory": 5053000000,
    "retained_earnings": 13061000000,
    "operating_cash_flow": 2687000000,
    "depreciation": 1086000000
  },
  "HCA": {
    "ticker": "HCA",
    "date": "2024-12-31",
    "revenue": 70603000000,
    "net_income": 5760000000,
    "operating_income": 10547000000,
    "ebit": 10547000000,
    "interest_expense": 2061000000,
    "ebitda": 13896000000,
    "gross_profit": 10547000000,
    "total_assets": 59513000000,
    "total_liabilities": 58958000000,
    "total_equity": -2499000000,
    "total_debt": 45237000000,
    "current_assets": 16414000000,
    "current_liabilities": 15177000000,
    "cash": 1933000000,
    "inventory": 1738000000,
    "retained_earnings": -2115000000,
    "operating_cash_flow": 10514000000,
    "depreciation": 3312000000
  },
  "HUM": {
    "ticker": "HUM",
    "date": "2024-12-31",
    "revenue": 117761000000,
    "net_income": 1207000000,
    "operating_income": 1721000000,
    "ebit": 1721000000,
    "interest_expense": 660000000,
    "ebitda": 3349000000,
    "gross_profit": 117761000000,
    "total_assets": 46479000000,
    "total_liabilities": 30034000000,
    "total_equity": 16375000000,
    "total_debt": 11144000000,
    "current_assets": 0,
    "current_liabilities": 0,
    "cash": 2221000000,
    "inventory": 0,
    "retained_earnings": 28317000000,
    "operating_cash_flow": 2966000000,
    "depreciation": 968000000
  },
  "CVS": {
    "ticker": "CVS",
    "date": "2024-12-31",
    "revenue": 372809000000,
    "net_income": 4614000000,
    "operating_income": 8516000000,
    "ebit": 8516000000,
    "interest_expense": 2958000000,
    "ebitda": 13683000000,
    "gross_profit": 51401000000,
    "total_assets": 253215000000,
    "total_liabilities": 177485000000,
    "total_equity": 75560000000,
    "total_debt": 82920000000,
    "current_assets": 68645000000,
    "current_liabilities": 84609000000,
    "cash": 8586000000,
    "inventory": 18107000000,
    "retained_earnings": 62837000000,
    "operating_cash_flow": 9107000000,
    "depreciation": 4597000000
  },
  "MCK": {
    "ticker": "MCK",
    "date": "2025-03-31",
    "revenue": 359051000000,
    "net_income": 3295000000,
    "operating_income": 4372000000,
    "ebit": 4372000000,
    "interest_expense": 256000000,
    "ebitda": 5251000000,
    "gross_profit": 12485000000,
    "total_assets": 75140000000,
    "total_liabilities": 76834000000,
    "total_equity": -2074000000,
    "total_debt": 7390000000,
    "current_assets": 55398000000,
    "current_liabilities": 61604000000,
    "cash": 5691000000,
    "inventory": 23001000000,
    "retained_earnings": 17921000000,
    "operating_cash_flow": 6085000000,
    "depreciation": 636000000
  },
  "CAH": {
    "ticker": "CAH",
    "date": "2025-06-30",
    "revenue": 222578000000,
    "net_income": 1561000000,
    "operating_income": 2275000000,
    "ebit": 2275000000,
    "interest_expense": 215000000,
    "ebitda": 3106000000,
    "gross_profit": 8168000000,
    "total_assets": 53122000000,
    "total_liabilities": 55756000000,
    "total_equity": -2781000000,
    "total_debt": 9345000000,
    "current_assets": 36373000000,
    "current_liabilities": 38897000000,
    "cash": 3874000000,
    "inventory": 16831000000,
    "retained_earnings": 783000000,
    "operating_cash_flow": 2397000000,
    "depreciation": 790000000
  },
  "EW": {
    "ticker": "EW",
    "date": "2024-12-31",
    "revenue": 5439500000,
    "net_income": 4174600000,
    "operating_income": 1378700000,
    "ebit": 1378700000,
    "interest_expense": 19800000,
    "ebitda": 1723100000,
    "gross_profit": 4322000000,
    "total_assets": 13055300000,
    "total_liabilities": 2992400000,
    "total_equity": 9998400000,
    "total_debt": 700000000,
    "current_assets": 6285400000,
    "current_liabilities": 1505200000,
    "cash": 3045200000,
    "inventory": 1086700000,
    "retained_earnings": 13167000000,
    "operating_cash_flow": 542300000,
    "depreciation": 155200000
  },
  "IDXX": {
    "ticker": "IDXX",
    "date": "2024-12-31",
    "revenue": 3897504000,
    "net_income": 887867000,
    "operating_income": 1128337000,
    "ebit": 1128337000,
    "interest_expense": 31205000,
    "ebitda": 1275840000,
    "gross_profit": 2378927000,
    "total_assets": 3293443000,
    "total_liabilities": 1698130000,
    "total_equity": 1595313000,
    "total_debt": 986948000,
    "current_assets": 1399897000,
    "current_liabilities": 1067916000,
    "cash": 288266000,
    "inventory": 381877000,
    "retained_earnings": 5332438000,
    "operating_cash_flow": 929001000,
    "depreciation": 129936000
  },
  "IQV": {
    "ticker": "IQV",
    "date": "2024-12-31",
    "revenue": 15405000000,
    "net_income": 1373000000,
    "operating_income": 2202000000,
    "ebit": 2202000000,
    "interest_expense": 670000000,
    "ebitda": 3453000000,
    "gross_profit": 5375000000,
    "total_assets": 26899000000,
    "total_liabilities": 20832000000,
    "total_equity": 6067000000,
    "total_debt": 14156000000,
    "current_assets": 5829000000,
    "current_liabilities": 6957000000,
    "cash": 1702000000,
    "inventory": 0,
    "retained_earnings": 6065000000,
    "operating_cash_flow": 2716000000,
    "depreciation": 1114000000
  },
  "AMT": {
    "ticker": "AMT",
    "date": "2024-12-31",
    "revenue": 10127200000,
    "net_income": 2255000000,
    "operating_income": 4516500000,
    "ebit": 4516500000,
    "interest_expense": 1404500000,
    "ebitda": 7154100000,
    "gross_profit": 7552800000,
    "total_assets": 61077400000,
    "total_liabilities": 51428700000,
    "total_equity": 3382200000,
    "total_debt": 43954100000,
    "current_assets": 3178800000,
    "current_liabilities": 7075600000,
    "cash": 1999600000,
    "inventory": 0,
    "retained_earnings": -4424100000,
    "operating_cash_flow": 5290500000,
    "depreciation": 2124800000
  },
  "CCI": {
    "ticker": "CCI",
    "date": "2024-12-31",
    "revenue": 6568000000,
    "net_income": -3903000000,
    "operating_income": -2938000000,
    "ebit": -2938000000,
    "interest_expense": 900000000,
    "ebitda": -1241000000,
    "gross_profit": 4721000000,
    "total_assets": 32736000000,
    "total_liabilities": 32869000000,
    "total_equity": -133000000,
    "total_debt": 29613000000,
    "current_assets": 1090000000,
    "current_liabilities": 2177000000,
    "cash": 119000000,
    "inventory": 0,
    "retained_earnings": -18525000000,
    "operating_cash_flow": 2943000000,
    "depreciation": 1738000000
  },
  "EQIX": {
    "ticker": "EQIX",
    "date": "2024-12-31",
    "revenue": 8748000000,
    "net_income": 815000000,
    "operating_income": 1328000000,
    "ebit": 1328000000,
    "interest_expense": 457000000,
    "ebitda": 3441000000,
    "gross_profit": 4281000000,
    "total_assets": 35085000000,
    "total_liabilities": 21533000000,
    "total_equity": 13528000000,
    "total_debt": 18961000000,
    "current_assets": 5447000000,
    "current_liabilities": 3349000000,
    "cash": 3081000000,
    "inventory": 0,
    "retained_earnings": -5593000000,
    "operating_cash_flow": 3249000000,
    "depreciation": 2009000000
  },
  "PSA": {
    "ticker": "PSA",
    "date": "2024-12-31",
    "revenue": 4695616000,
    "net_income": 2072011000,
    "operating_income": 2201172000,
    "ebit": 2201172000,
    "interest_expense": 287401000,
    "ebitda": 3506246000,
    "gross_profit": 3437615000,
    "total_assets": 19754934000,
    "total_liabilities": 9941282000,
    "total_equity": 9712606000,
    "total_debt": 9353034000,
    "current_assets": 447416000,
    "current_liabilities": 588248000,
    "cash": 447416000,
    "inventory": 0,
    "retained_earnings": -699083000,
    "operating_cash_flow": 3128255000,
    "depreciation": 1129766000
  },
  "SBAC": {
    "ticker": "SBAC",
    "date": "2024-12-31",
    "revenue": 2679634000,
    "net_income": 749536000,
    "operating_income": 1435763000,
    "ebit": 1435763000,
    "interest_expense": 0,
    "ebitda": 1794580000,
    "gross_profit": 2071960999,
    "total_assets": 11417336000,
    "total_liabilities": 16473142000,
    "total_equity": -5109938000,
    "total_debt": 15756194000,
    "current_assets": 1978720000,
    "current_liabilities": 1797936000,
    "cash": 189841000,
    "inventory": 0,
    "retained_earnings": -7326189000,
    "operating_cash_flow": 1334866000,
    "depreciation": 269517000
  },
  "DLR": {
    "ticker": "DLR",
    "date": "2024-12-31",
    "revenue": 5554968000,
    "net_income": 602490000,
    "operating_income": 471864000,
    "ebit": 471864000,
    "interest_expense": 452836000,
    "ebitda": 2867720000,
    "gross_profit": 3035853000,
    "total_assets": 45283616000,
    "total_liabilities": 22107836000,
    "total_equity": 21340397000,
    "total_debt": 18008596000,
    "current_assets": 5128355000,
    "current_liabilities": 4625986000,
    "cash": 3870891000,
    "inventory": 0,
    "retained_earnings": 0,
    "operating_cash_flow": 2261477000,
    "depreciation": 1771797000
  },
  "O": {
    "ticker": "O",
    "date": "2024-12-31",
    "revenue": 5271142000,
    "net_income": 860772000,
    "operating_income": 2320928000,
    "ebit": 2320928000,
    "interest_expense": 0,
    "ebitda": 4327690000,
    "gross_profit": 4893467000,
    "total_assets": 68835039000,
    "total_liabilities": 29783353000,
    "total_equity": 38840738000,
    "total_debt": 26757140000,
    "current_assets": 4019349000,
    "current_liabilities": 2398472000,
    "cash": 444962000,
    "inventory": 0,
    "retained_earnings": -8648559000,
    "operating_cash_flow": 3573276000,
    "depreciation": 2395644000
  },
  "SPG": {
    "ticker": "SPG",
    "date": "2024-12-31",
    "revenue": 5963798000,
    "net_income": 2370896000,
    "operating_income": 3092796000,
    "ebit": 3092796000,
    "interest_expense": 905797000,
    "ebitda": 5017941000,
    "gross_profit": 4920384000,
    "total_assets": 32405691000,
    "total_liabilities": 28806239000,
    "total_equity": 2941925000,
    "total_debt": 24784778000,
    "current_assets": 2828945000,
    "current_liabilities": 3395306000,
    "cash": 1400345000,
    "inventory": 0,
    "retained_earnings": -6382515000,
    "operating_cash_flow": 3814655000,
    "depreciation": 1359861000
  },
  "WELL": {
    "ticker": "WELL",
    "date": "2024-12-31",
    "revenue": 7853618000,
    "net_income": 951680000,
    "operating_income": 1145698000,
    "ebit": 1145698000,
    "interest_expense": 574261000,
    "ebitda": 2778336000,
    "gross_profit": 3023407000,
    "total_assets": 51044308000,
    "total_liabilities": 18471722000,
    "total_equity": 31956208000,
    "total_debt": 16758356000,
    "current_assets": 7228903000,
    "current_liabilities": 1369771000,
    "cash": 3506586000,
    "inventory": 0,
    "retained_earnings": -8223340000,
    "operating_cash_flow": 2256421000,
    "depreciation": 1679633000
  },
  "AVB": {
    "ticker": "AVB",
    "date": "2024-12-31",
    "revenue": 2913757000,
    "net_income": 1081994000,
    "operating_income": 915750000,
    "ebit": 915750000,
    "interest_expense": 226589000,
    "ebitda": 2156062000,
    "gross_profit": 1840300000,
    "total_assets": 21000737000,
    "total_liabilities": 9059645000,
    "total_equity": 11941092000,
    "total_debt": 8250531000,
    "current_assets": 267076000,
    "current_liabilities": 746285000,
    "cash": 108576000,
    "inventory": 0,
    "retained_earnings": 591250000,
    "operating_cash_flow": 1607878000,
    "depreciation": 846853000
  },
  "EQR": {
    "ticker": "EQR",
    "date": "2024-12-31",
    "revenue": 2980108000,
    "net_income": 1035831000,
    "operating_income": 1823890000,
    "ebit": 1823890000,
    "interest_expense": 285735000,
    "ebitda": 1838438000,
    "gross_profit": 1885543000,
    "total_assets": 20834176000,
    "total_liabilities": 9249829000,
    "total_equity": 11044560000,
    "total_debt": 8426642000,
    "current_assets": 160166000,
    "current_liabilities": 980696000,
    "cash": 62302000,
    "inventory": 0,
    "retained_earnings": 1407570000,
    "operating_cash_flow": 1573607000,
    "depreciation": 966739000
  },
  "VTR": {
    "ticker": "VTR",
    "date": "2024-12-31",
    "revenue": 4924266000,
    "net_income": 81153000,
    "operating_income": 681230000,
    "ebit": 681230000,
    "interest_expense": 602835000,
    "ebitda": 1936697000,
    "gross_profit": 2097197000,
    "total_assets": 26186906000,
    "total_liabilities": 15357310000,
    "total_equity": 10771267000,
    "total_debt": 13740554000,
    "current_assets": 1351534000,
    "current_liabilities": 1304774000,
    "cash": 897850000,
    "inventory": 0,
    "retained_earnings": 0,
    "operating_cash_flow": 1329625000,
    "depreciation": 1283286000
  },
  "ORCL": {
    "ticker": "ORCL",
    "date": "2025-05-31",
    "revenue": 57399000000,
    "net_income": 12443000000,
    "operating_income": 17678000000,
    "ebit": 17678000000,
    "interest_expense": 3578000000,
    "ebitda": 23912000000,
    "gross_profit": 40472000000,
    "total_assets": 168361000000,
    "total_liabilities": 147392000000,
    "total_equity": 20451000000,
    "total_debt": 104104000000,
    "current_assets": 24579000000,
    "current_liabilities": 32643000000,
    "cash": 10786000000,
    "inventory": 0,
    "retained_earnings": -15481000000,
    "operating_cash_flow": 20821000000,
    "depreciation": 6174000000
  },
  "SBUX": {
    "ticker": "SBUX",
    "date": "2025-09-28",
    "revenue": 37184400000,
    "net_income": 1856400000,
    "operating_income": 3580800000,
    "ebit": 3580800000,
    "interest_expense": 542600000,
    "ebitda": 5378800000,
    "gross_profit": 8981500000,
    "total_assets": 32019700000,
    "total_liabilities": 40108900000,
    "total_equity": -8096600000,
    "total_debt": 26611500000,
    "current_assets": 7382300000,
    "current_liabilities": 10210400000,
    "cash": 3219800000,
    "inventory": 2185600000,
    "retained_earnings": -8272500000,
    "operating_cash_flow": 4747500000,
    "depreciation": 2606200000
  },
  "LOW": {
    "ticker": "LOW",
    "date": "2025-01-31",
    "revenue": 83674000000,
    "net_income": 6957000000,
    "operating_income": 10112000000,
    "ebit": 10112000000,
    "interest_expense": 1469000000,
    "ebitda": 12594000000,
    "gross_profit": 26148000000,
    "total_assets": 44573000000,
    "total_liabilities": 58804000000,
    "total_equity": -14231000000,
    "total_debt": 39678000000,
    "current_assets": 20358000000,
    "current_liabilities": 18757000000,
    "cash": 1761000000,
    "inventory": 17409000000,
    "retained_earnings": -14799000000,
    "operating_cash_flow": 9625000000,
    "depreciation": 1972000000
  },
  "MMM": {
    "ticker": "MMM",
    "date": "2024-12-31",
    "revenue": 24575000000,
    "net_income": 4173000000,
    "operating_income": 4931000000,
    "ebit": 4931000000,
    "interest_expense": 1182000000,
    "ebitda": 7225000000,
    "gross_profit": 10080000000,
    "total_assets": 39868000000,
    "total_liabilities": 35974000000,
    "total_equity": 3842000000,
    "total_debt": 13659000000,
    "current_assets": 15884000000,
    "current_liabilities": 11256000000,
    "cash": 5600000000,
    "inventory": 3698000000,
    "retained_earnings": 36797000000,
    "operating_cash_flow": 1819000000,
    "depreciation": 1363000000
  },
  "VZ": {
    "ticker": "VZ",
    "date": "2024-12-31",
    "revenue": 134788000000,
    "net_income": 17506000000,
    "operating_income": 30604000000,
    "ebit": 30604000000,
    "interest_expense": 6653000000,
    "ebitda": 47524000000,
    "gross_profit": 62799000000,
    "total_assets": 384711000000,
    "total_liabilities": 284136000000,
    "total_equity": 99237000000,
    "total_debt": 168357000000,
    "current_assets": 40523000000,
    "current_liabilities": 64771000000,
    "cash": 4194000000,
    "inventory": 2247000000,
    "retained_earnings": 89110000000,
    "operating_cash_flow": 36912000000,
    "depreciation": 17892000000
  },
  "JPM": {
    "ticker": "JPM",
    "date": "2024-12-31",
    "revenue": 270789000000,
    "net_income": 58471000000,
    "operating_income": 75081000000,
    "ebit": 75081000000,
    "interest_expense": 101350000000,
    "ebitda": 83019000000,
    "gross_profit": 158785000000,
    "total_assets": 4002814000000,
    "total_liabilities": 3658056000000,
    "total_equity": 344758000000,
    "total_debt": 751146000000,
    "current_assets": 967230000000,
    "current_liabilities": 3226497000000,
    "cash": 469317000000,
    "inventory": 0,
    "retained_earnings": 376166000000,
    "operating_cash_flow": -42012000000,
    "depreciation": 7938000000
  },
  "BAC": {
    "ticker": "BAC",
    "date": "2024-12-31",
    "revenue": 192434000000,
    "net_income": 27132000000,
    "operating_income": 29254000000,
    "ebit": 29254000000,
    "interest_expense": 90547000000,
    "ebitda": 31443000000,
    "gross_profit": 96066000000,
    "total_assets": 3261519000000,
    "total_liabilities": 2965960000000,
    "total_equity": 295559000000,
    "total_debt": 658428000000,
    "current_assets": 740837000000,
    "current_liabilities": 2433159000000,
    "cash": 296486000000,
    "inventory": 0,
    "retained_earnings": 242349000000,
    "operating_cash_flow": -8805000000,
    "depreciation": 2189000000
  },
  "WFC": {
    "ticker": "WFC",
    "date": "2024-12-31",
    "revenue": 125397000000,
    "net_income": 19722000000,
    "operating_income": 23364000000,
    "ebit": 23364000000,
    "interest_expense": 43101000000,
    "ebitda": 30922000000,
    "gross_profit": 77962000000,
    "total_assets": 1929845000000,
    "total_liabilities": 1748779000000,
    "total_equity": 179120000000,
    "total_debt": 281884000000,
    "current_assets": 405820000000,
    "current_liabilities": 1480610000000,
    "cash": 203361000000,
    "inventory": 0,
    "retained_earnings": 214198000000,
    "operating_cash_flow": 3035000000,
    "depreciation": 7558000000
  },
  "C": {
    "ticker": "C",
    "date": "2024-12-31",
    "revenue": 170707000000,
    "net_income": 12682000000,
    "operating_income": 17046000000,
    "ebit": 17046000000,
    "interest_expense": 89618000000,
    "ebitda": 21357000000,
    "gross_profit": 71120000000,
    "total_assets": 2352945000000,
    "total_liabilities": 2143579000000,
    "total_equity": 208598000000,
    "total_debt": 590560000000,
    "current_assets": 549135000000,
    "current_liabilities": 1788165000000,
    "cash": 276532000000,
    "inventory": 0,
    "retained_earnings": 206294000000,
    "operating_cash_flow": -19669000000,
    "depreciation": 4311000000
  },
  "MDLZ": {
    "ticker": "MDLZ",
    "date": "2024-12-31",
    "revenue": 36441000000,
    "net_income": 4611000000,
    "operating_income": 6345000000,
    "ebit": 6345000000,
    "interest_expense": 508000000,
    "ebitda": 8071000000,
    "gross_profit": 14257000000,
    "total_assets": 68497000000,
    "total_liabilities": 41539000000,
    "total_equity": 26932000000,
    "total_debt": 18372000000,
    "current_assets": 13242000000,
    "current_liabilities": 19549000000,
    "cash": 1351000000,
    "inventory": 3827000000,
    "retained_earnings": 36476000000,
    "operating_cash_flow": 4910000000,
    "depreciation": 1302000000
  },
  "PM": {
    "ticker": "PM",
    "date": "2024-12-31",
    "revenue": 37878000000,
    "net_income": 7034000000,
    "operating_income": 13402000000,
    "ebit": 13402000000,
    "interest_expense": 1763000000,
    "ebitda": 15749000000,
    "gross_profit": 24549000000,
    "total_assets": 61784000000,
    "total_liabilities": 71654000000,
    "total_equity": -11750000000,
    "total_debt": 45695000000,
    "current_assets": 20170000000,
    "current_liabilities": 22915000000,
    "cash": 4216000000,
    "inventory": 9453000000,
    "retained_earnings": 32869000000,
    "operating_cash_flow": 12217000000,
    "depreciation": 1787000000
  },
  "MO": {
    "ticker": "MO",
    "date": "2024-12-31",
    "revenue": 20444000000,
    "net_income": 11264000000,
    "operating_income": 11241000000,
    "ebit": 11241000000,
    "interest_expense": 1124000000,
    "ebitda": 15068000000,
    "gross_profit": 14367000000,
    "total_assets": 35177000000,
    "total_liabilities": 37365000000,
    "total_equity": -2238000000,
    "total_debt": 24926000000,
    "current_assets": 4513000000,
    "current_liabilities": 8781000000,
    "cash": 3127000000,
    "inventory": 1080000000,
    "retained_earnings": 35516000000,
    "operating_cash_flow": 8753000000,
    "depreciation": 286000000
  },
  "KHC": {
    "ticker": "KHC",
    "date": "2024-12-28",
    "revenue": 25846000000,
    "net_income": 2744000000,
    "operating_income": 1683000000,
    "ebit": 1683000000,
    "interest_expense": 912000000,
    "ebitda": 2716000000,
    "gross_profit": 8968000000,
    "total_assets": 88287000000,
    "total_liabilities": 38962000000,
    "total_equity": 49185000000,
    "total_debt": 19869000000,
    "current_assets": 7655000000,
    "current_liabilities": 7253000000,
    "cash": 1334000000,
    "inventory": 3376000000,
    "retained_earnings": 2171000000,
    "operating_cash_flow": 4184000000,
    "depreciation": 948000000
  },
  "ADM": {
    "ticker": "ADM",
    "date": "2024-12-31",
    "revenue": 85530000000,
    "net_income": 1800000000,
    "operating_income": 2072000000,
    "ebit": 2072000000,
    "interest_expense": 706000000,
    "ebitda": 4102000000,
    "gross_profit": 5778000000,
    "total_assets": 53271000000,
    "total_liabilities": 30840000000,
    "total_equity": 22168000000,
    "total_debt": 11538000000,
    "current_assets": 27718000000,
    "current_liabilities": 19938000000,
    "cash": 611000000,
    "inventory": 11572000000,
    "retained_earnings": 21933000000,
    "operating_cash_flow": 2790000000,
    "depreciation": 1141000000
  },
  "BG": {
    "ticker": "BG",
    "date": "2024-12-31",
    "revenue": 53108000000,
    "net_income": 1137000000,
    "operating_income": 1617000000,
    "ebit": 1617000000,
    "interest_expense": 471000000,
    "ebitda": 2463000000,
    "gross_profit": 3393000000,
    "total_assets": 24899000000,
    "total_liabilities": 13950000000,
    "total_equity": 9913000000,
    "total_debt": 7119000000,
    "current_assets": 15958000000,
    "current_liabilities": 7435000000,
    "cash": 3311000000,
    "inventory": 6491000000,
    "retained_earnings": 12838000000,
    "operating_cash_flow": 1900000000,
    "depreciation": 468000000
  },
  "YUM": {
    "ticker": "YUM",
    "date": "2024-12-31",
    "revenue": 7549000000,
    "net_income": 1486000000,
    "operating_income": 2403000000,
    "ebit": 2403000000,
    "interest_expense": 489000000,
    "ebitda": 2564000000,
    "gross_profit": 3584000000,
    "total_assets": 6727000000,
    "total_liabilities": 14375000000,
    "total_equity": -7648000000,
    "total_debt": 12286000000,
    "current_assets": 1871000000,
    "current_liabilities": 1269000000,
    "cash": 616000000,
    "inventory": 0,
    "retained_earnings": -7256000000,
    "operating_cash_flow": 1689000000,
    "depreciation": 175000000
  },
  "CMG": {
    "ticker": "CMG",
    "date": "2024-12-31",
    "revenue": 11313853000,
    "net_income": 1534110000,
    "operating_income": 1916333000,
    "ebit": 1916333000,
    "interest_expense": 0,
    "ebitda": 2320209000,
    "gross_profit": 3017692000,
    "total_assets": 9204374000,
    "total_liabilities": 5548828000,
    "total_equity": 3655546000,
    "total_debt": 4540618000,
    "current_assets": 1780587000,
    "current_liabilities": 1168768000,
    "cash": 748537000,
    "inventory": 48942000,
    "retained_earnings": 1574232000,
    "operating_cash_flow": 2105076000,
    "depreciation": 335030000
  },
  "DPZ": {
    "ticker": "DPZ",
    "date": "2024-12-29",
    "revenue": 4706416000,
    "net_income": 584170000,
    "operating_income": 878999000,
    "ebit": 878999000,
    "interest_expense": 195870000,
    "ebitda": 1005817000,
    "gross_profit": 1848502000,
    "total_assets": 1737013000,
    "total_liabilities": 5699304000,
    "total_equity": -3962291000,
    "total_debt": 5197241000,
    "current_assets": 905278000,
    "current_liabilities": 1612462000,
    "cash": 186126000,
    "inventory": 70919000,
    "retained_earnings": -3956474000,
    "operating_cash_flow": 624897000,
    "depreciation": 87732000
  },
  "DG": {
    "ticker": "DG",
    "date": "2025-01-31",
    "revenue": 40612308000,
    "net_income": 1125253000,
    "operating_income": 1714074000,
    "ebit": 1714074000,
    "interest_expense": 274320000,
    "ebitda": 2685777000,
    "gross_profit": 12017497000,
    "total_assets": 31132733000,
    "total_liabilities": 23719026000,
    "total_equity": 7413707000,
    "total_debt": 17463385000,
    "current_assets": 8163925000,
    "current_liabilities": 6868702000,
    "cash": 932576000,
    "inventory": 6711242000,
    "retained_earnings": 3405683000,
    "operating_cash_flow": 2996064000,
    "depreciation": 971703000
  },
  "DLTR": {
    "ticker": "DLTR",
    "date": "2025-02-01",
    "revenue": 17578500000,
    "net_income": -3030100000,
    "operating_income": 1462000000,
    "ebit": 1462000000,
    "interest_expense": 107500000,
    "ebitda": 2018000000,
    "gross_profit": 6294400000,
    "total_assets": 18644000000,
    "total_liabilities": 14666600000,
    "total_equity": 3977400000,
    "total_debt": 7830600000,
    "current_assets": 9107200000,
    "current_liabilities": 8585900000,
    "cash": 1256500000,
    "inventory": 2672000000,
    "retained_earnings": 3941500000,
    "operating_cash_flow": 2862500000,
    "depreciation": 526900000
  },
  "ROST": {
    "ticker": "ROST",
    "date": "2025-01-31",
    "revenue": 21129219000,
    "net_income": 2090730000,
    "operating_income": 2585586000,
    "ebit": 2585586000,
    "interest_expense": 63387000,
    "ebitda": 3267329000,
    "gross_profit": 5868713000,
    "total_assets": 14905332000,
    "total_liabilities": 9396137000,
    "total_equity": 5509195000,
    "total_debt": 5682429000,
    "current_assets": 7538696000,
    "current_liabilities": 4661825000,
    "cash": 4730744000,
    "inventory": 2444513000,
    "retained_earnings": 4128207000,
    "operating_cash_flow": 2356988000,
    "depreciation": 446788000
  },
  "TJX": {
    "ticker": "TJX",
    "date": "2025-01-31",
    "revenue": 56360000000,
    "net_income": 4864000000,
    "operating_income": 6302000000,
    "ebit": 6302000000,
    "interest_expense": 76000000,
    "ebitda": 7663000000,
    "gross_profit": 17248000000,
    "total_assets": 31749000000,
    "total_liabilities": 23356000000,
    "total_equity": 8393000000,
    "total_debt": 12778000000,
    "current_assets": 12991000000,
    "current_liabilities": 11008000000,
    "cash": 5335000000,
    "inventory": 6421000000,
    "retained_earnings": 7883000000,
    "operating_cash_flow": 6116000000,
    "depreciation": 1104000000
  },
  "ORLY": {
    "ticker": "ORLY",
    "date": "2024-12-31",
    "revenue": 16708479000,
    "net_income": 2386680000,
    "operating_income": 3251657000,
    "ebit": 3251657000,
    "interest_expense": 222548000,
    "ebitda": 3729504000,
    "gross_profit": 8554489000,
    "total_assets": 14893741000,
    "total_liabilities": 16264702000,
    "total_equity": -1370961000,
    "total_debt": 7920850000,
    "current_assets": 5839895000,
    "current_liabilities": 8283505000,
    "cash": 130245000,
    "inventory": 5095804000,
    "retained_earnings": -2791288000,
    "operating_cash_flow": 3049576000,
    "depreciation": 461892000
  },
  "AZO": {
    "ticker": "AZO",
    "date": "2025-08-30",
    "revenue": 18938717000,
    "net_income": 2498247000,
    "operating_income": 3610156000,
    "ebit": 3610156000,
    "interest_expense": 486796000,
    "ebitda": 4223355000,
    "gross_profit": 9966474000,
    "total_assets": 19355324000,
    "total_liabilities": 22769637000,
    "total_equity": -3414313000,
    "total_debt": 12288796000,
    "current_assets": 8341379000,
    "current_liabilities": 9519397000,
    "cash": 271803000,
    "inventory": 7025688000,
    "retained_earnings": -3975852000,
    "operating_cash_flow": 3117337000,
    "depreciation": 613199000
  },
  "BBY": {
    "ticker": "BBY",
    "date": "2025-02-01",
    "revenue": 41528000000,
    "net_income": 927000000,
    "operating_income": 1721000000,
    "ebit": 1721000000,
    "interest_expense": 51000000,
    "ebitda": 2212000000,
    "gross_profit": 9385000000,
    "total_assets": 14782000000,
    "total_liabilities": 11974000000,
    "total_equity": 2808000000,
    "total_debt": 4053000000,
    "current_assets": 8224000000,
    "current_liabilities": 8016000000,
    "cash": 1578000000,
    "inventory": 5085000000,
    "retained_earnings": 2486000000,
    "operating_cash_flow": 2098000000,
    "depreciation": 866000000
  },
  "EBAY": {
    "ticker": "EBAY",
    "date": "2024-12-31",
    "revenue": 10283000000,
    "net_income": 1975000000,
    "operating_income": 2318000000,
    "ebit": 2318000000,
    "interest_expense": 259000000,
    "ebitda": 2861000000,
    "gross_profit": 7403000000,
    "total_assets": 19365000000,
    "total_liabilities": 14207000000,
    "total_equity": 5158000000,
    "total_debt": 7863000000,
    "current_assets": 7567000000,
    "current_liabilities": 6098000000,
    "cash": 2759000000,
    "inventory": 0,
    "retained_earnings": 37951000000,
    "operating_cash_flow": 2414000000,
    "depreciation": 324000000
  },
  "BKNG": {
    "ticker": "BKNG",
    "date": "2024-12-31",
    "revenue": 23739000000,
    "net_income": 5882000000,
    "operating_income": 7555000000,
    "ebit": 7555000000,
    "interest_expense": 1295000000,
    "ebitda": 9338000000,
    "gross_profit": 23739000000,
    "total_assets": 27708000000,
    "total_liabilities": 31728000000,
    "total_equity": -4020000000,
    "total_debt": 17081000000,
    "current_assets": 20491000000,
    "current_liabilities": 15647000000,
    "cash": 16164000000,
    "inventory": 0,
    "retained_earnings": 36525000000,
    "operating_cash_flow": 8323000000,
    "depreciation": 751000000
  },
  "EXPE": {
    "ticker": "EXPE",
    "date": "2024-12-31",
    "revenue": 13691000000,
    "net_income": 1234000000,
    "operating_income": 1319000000,
    "ebit": 1319000000,
    "interest_expense": 246000000,
    "ebitda": 2626000000,
    "gross_profit": 12248000000,
    "total_assets": 22388000000,
    "total_liabilities": 19589000000,
    "total_equity": 1557000000,
    "total_debt": 6531000000,
    "current_assets": 9815000000,
    "current_liabilities": 13611000000,
    "cash": 4183000000,
    "inventory": 0,
    "retained_earnings": 602000000,
    "operating_cash_flow": 3085000000,
    "depreciation": 838000000
  },
  "MAR": {
    "ticker": "MAR",
    "date": "2024-12-31",
    "revenue": 25100000000,
    "net_income": 2375000000,
    "operating_income": 3767000000,
    "ebit": 3767000000,
    "interest_expense": 695000000,
    "ebitda": 4338000000,
    "gross_profit": 5101000000,
    "total_assets": 26182000000,
    "total_liabilities": 29174000000,
    "total_equity": -2992000000,
    "total_debt": 15241000000,
    "current_assets": 3485000000,
    "current_liabilities": 8649000000,
    "cash": 396000000,
    "inventory": 0,
    "retained_earnings": 16531000000,
    "operating_cash_flow": 2749000000,
    "depreciation": 492000000
  },
  "HLT": {
    "ticker": "HLT",
    "date": "2024-12-31",
    "revenue": 11174000000,
    "net_income": 1535000000,
    "operating_income": 2370000000,
    "ebit": 2370000000,
    "interest_expense": 569000000,
    "ebitda": 2498000000,
    "gross_profit": 3063000000,
    "total_assets": 16522000000,
    "total_liabilities": 20211000000,
    "total_equity": -3727000000,
    "total_debt": 12003000000,
    "current_assets": 3272000000,
    "current_liabilities": 4700000000,
    "cash": 1301000000,
    "inventory": 0,
    "retained_earnings": -2822000000,
    "operating_cash_flow": 2013000000,
    "depreciation": 146000000
  },
  "H": {
    "ticker": "H",
    "date": "2024-12-31",
    "revenue": 3296000000,
    "net_income": 1296000000,
    "operating_income": 854000000,
    "ebit": 854000000,
    "interest_expense": 0,
    "ebitda": 749000000,
    "gross_profit": 1402000000,
    "total_assets": 13324000000,
    "total_liabilities": 9498000000,
    "total_equity": 3547000000,
    "total_debt": 4060000000,
    "current_assets": 2733000000,
    "current_liabilities": 3274000000,
    "cash": 1011000000,
    "inventory": 8000000,
    "retained_earnings": 3815000000,
    "operating_cash_flow": 636000000,
    "depreciation": 369000000
  },
  "WH": {
    "ticker": "WH",
    "date": "2024-12-31",
    "revenue": 1408000000,
    "net_income": 289000000,
    "operating_income": 495000000,
    "ebit": 495000000,
    "interest_expense": 129000000,
    "ebitda": 568000000,
    "gross_profit": 1408000000,
    "total_assets": 4223000000,
    "total_liabilities": 3573000000,
    "total_equity": 650000000,
    "total_debt": 2466000000,
    "current_assets": 467000000,
    "current_liabilities": 466000000,
    "cash": 103000000,
    "inventory": 0,
    "retained_earnings": 654000000,
    "operating_cash_flow": 290000000,
    "depreciation": 71000000
  },
  "NSC": {
    "ticker": "NSC",
    "date": "2024-12-31",
    "revenue": 12123000000,
    "net_income": 2622000000,
    "operating_income": 3764000000,
    "ebit": 3764000000,
    "interest_expense": 807000000,
    "ebitda": 5489000000,
    "gross_profit": 3764000000,
    "total_assets": 43682000000,
    "total_liabilities": 29376000000,
    "total_equity": 14306000000,
    "total_debt": 17478000000,
    "current_assets": 3188000000,
    "current_liabilities": 3545000000,
    "cash": 1641000000,
    "inventory": 277000000,
    "retained_earnings": 12093000000,
    "operating_cash_flow": 4052000000,
    "depreciation": 1353000000
  },
  "CSX": {
    "ticker": "CSX",
    "date": "2024-12-31",
    "revenue": 14540000000,
    "net_income": 3470000000,
    "operating_income": 5366000000,
    "ebit": 5366000000,
    "interest_expense": 832000000,
    "ebitda": 7073000000,
    "gross_profit": 5506000000,
    "total_assets": 42764000000,
    "total_liabilities": 30257000000,
    "total_equity": 12502000000,
    "total_debt": 18989000000,
    "current_assets": 2820000000,
    "current_liabilities": 3276000000,
    "cash": 933000000,
    "inventory": 414000000,
    "retained_earnings": 9988000000,
    "operating_cash_flow": 5247000000,
    "depreciation": 1658000000
  },
  "FDX": {
    "ticker": "FDX",
    "date": "2025-05-31",
    "revenue": 87926000000,
    "net_income": 4092000000,
    "operating_income": 6082000000,
    "ebit": 6082000000,
    "interest_expense": 789000000,
    "ebitda": 10494000000,
    "gross_profit": 18995000000,
    "total_assets": 87627000000,
    "total_liabilities": 59553000000,
    "total_equity": 28074000000,
    "total_debt": 37416000000,
    "current_assets": 18386000000,
    "current_liabilities": 15411000000,
    "cash": 5502000000,
    "inventory": 602000000,
    "retained_earnings": 41402000000,
    "operating_cash_flow": 7036000000,
    "depreciation": 4264000000
  },
  "J": {
    "ticker": "J",
    "date": "2025-09-26",
    "revenue": 12029783000,
    "net_income": 290248000,
    "operating_income": 863634000,
    "ebit": 863634000,
    "interest_expense": 145788000,
    "ebitda": 926841000,
    "gross_profit": 2984934000,
    "total_assets": 11252535000,
    "total_liabilities": 6585936000,
    "total_equity": 3640807000,
    "total_debt": 2709857000,
    "current_assets": 4359319000,
    "current_liabilities": 3350899000,
    "cash": 1235448000,
    "inventory": 0,
    "retained_earnings": 1525760000,
    "operating_cash_flow": 686704000,
    "depreciation": 0
  },
  "PH": {
    "ticker": "PH",
    "date": "2025-06-30",
    "revenue": 19850000000,
    "net_income": 3531000000,
    "operating_income": 4060000000,
    "ebit": 4060000000,
    "interest_expense": 409000000,
    "ebitda": 5423000000,
    "gross_profit": 7315000000,
    "total_assets": 29494000000,
    "total_liabilities": 15803000000,
    "total_equity": 13682000000,
    "total_debt": 9486000000,
    "current_assets": 6950000000,
    "current_liabilities": 5819000000,
    "cash": 467000000,
    "inventory": 2839000000,
    "retained_earnings": 21775000000,
    "operating_cash_flow": 3776000000,
    "depreciation": 907000000
  },
  "DOV": {
    "ticker": "DOV",
    "date": "2024-12-31",
    "revenue": 7745909000,
    "net_income": 2697126000,
    "operating_income": 1206355000,
    "ebit": 1206355000,
    "interest_expense": 131171000,
    "ebitda": 2226029000,
    "gross_profit": 2958621000,
    "total_assets": 12509160000,
    "total_liabilities": 5555164000,
    "total_equity": 6953996000,
    "total_debt": 3153953000,
    "current_assets": 4484497000,
    "current_liabilities": 2196527000,
    "cash": 1844877000,
    "inventory": 1144838000,
    "retained_earnings": 13409633000,
    "operating_cash_flow": 748379000,
    "depreciation": 337842000
  },
  "SWK": {
    "ticker": "SWK",
    "date": "2024-12-28",
    "revenue": 15365700000,
    "net_income": 286300000,
    "operating_income": 1349800000,
    "ebit": 1349800000,
    "interest_expense": 498600000,
    "ebitda": 1323100000,
    "gross_profit": 4601200000,
    "total_assets": 21848900000,
    "total_liabilities": 13129000000,
    "total_equity": 8719900000,
    "total_debt": 6594800000,
    "current_assets": 6377700000,
    "current_liabilities": 4916900000,
    "cash": 290500000,
    "inventory": 4536400000,
    "retained_earnings": 8343300000,
    "operating_cash_flow": 1106900000,
    "depreciation": 589500000
  },
  "IR": {
    "ticker": "IR",
    "date": "2024-12-31",
    "revenue": 7235000000,
    "net_income": 838600000,
    "operating_income": 1300100000,
    "ebit": 1300100000,
    "interest_expense": 213200000,
    "ebitda": 1828000000,
    "gross_profit": 3170000000,
    "total_assets": 18009800000,
    "total_liabilities": 7764500000,
    "total_equity": 10179000000,
    "total_debt": 4980200000,
    "current_assets": 4163500000,
    "current_liabilities": 1818900000,
    "cash": 1541200000,
    "inventory": 1055000000,
    "retained_earnings": 2503500000,
    "operating_cash_flow": 1396700000,
    "depreciation": 482000000
  },
  "XYL": {
    "ticker": "XYL",
    "date": "2024-12-31",
    "revenue": 8562000000,
    "net_income": 890000000,
    "operating_income": 1009000000,
    "ebit": 1009000000,
    "interest_expense": 44000000,
    "ebitda": 1693000000,
    "gross_profit": 3212000000,
    "total_assets": 16493000000,
    "total_liabilities": 5615000000,
    "total_equity": 10642000000,
    "total_debt": 2125000000,
    "current_assets": 4094000000,
    "current_liabilities": 2336000000,
    "cash": 1121000000,
    "inventory": 996000000,
    "retained_earnings": 3140000000,
    "operating_cash_flow": 1263000000,
    "depreciation": 562000000
  },
  "PCAR": {
    "ticker": "PCAR",
    "date": "2024-12-31",
    "revenue": 33663800000,
    "net_income": 4162000000,
    "operating_income": 4892400000,
    "ebit": 4892400000,
    "interest_expense": 31100000,
    "ebitda": 5809300000,
    "gross_profit": 6709600000,
    "total_assets": 43418900000,
    "total_liabilities": 25912000000,
    "total_equity": 17506900000,
    "total_debt": 15895000000,
    "current_assets": 34206000000,
    "current_liabilities": 12970200000,
    "cash": 7060800000,
    "inventory": 2367100000,
    "retained_earnings": 17751000000,
    "operating_cash_flow": 4640900000,
    "depreciation": 916900000
  },
  "CMI": {
    "ticker": "CMI",
    "date": "2024-12-31",
    "revenue": 34102000000,
    "net_income": 3946000000,
    "operating_income": 3750000000,
    "ebit": 3750000000,
    "interest_expense": 370000000,
    "ebitda": 6338000000,
    "gross_profit": 8439000000,
    "total_assets": 31540000000,
    "total_liabilities": 20232000000,
    "total_equity": 10271000000,
    "total_debt": 7598000000,
    "current_assets": 14752000000,
    "current_liabilities": 11234000000,
    "cash": 1671000000,
    "inventory": 5742000000,
    "retained_earnings": 20828000000,
    "operating_cash_flow": 1487000000,
    "depreciation": 1065000000
  },
  "AVGO": {
    "ticker": "AVGO",
    "date": "2025-11-02",
    "revenue": 63887000000,
    "net_income": 23126000000,
    "operating_income": 25484000000,
    "ebit": 25484000000,
    "interest_expense": 3210000000,
    "ebitda": 34714000000,
    "gross_profit": 43294000000,
    "total_assets": 171092000000,
    "total_liabilities": 89800000000,
    "total_equity": 81292000000,
    "total_debt": 65136000000,
    "current_assets": 31573000000,
    "current_liabilities": 18514000000,
    "cash": 16178000000,
    "inventory": 2270000000,
    "retained_earnings": 9761000000,
    "operating_cash_flow": 27537000000,
    "depreciation": 8775000000
  },
  "NXPI": {
    "ticker": "NXPI",
    "date": "2024-12-31",
    "revenue": 12614000000,
    "net_income": 2510000000,
    "operating_income": 3417000000,
    "ebit": 3417000000,
    "interest_expense": 398000000,
    "ebitda": 4422000000,
    "gross_profit": 7119000000,
    "total_assets": 24385000000,
    "total_liabilities": 14854000000,
    "total_equity": 9183000000,
    "total_debt": 10854000000,
    "current_assets": 7305000000,
    "current_liabilities": 3098000000,
    "cash": 3031000000,
    "inventory": 2356000000,
    "retained_earnings": -1814000000,
    "operating_cash_flow": 2782000000,
    "depreciation": 925000000
  },
  "MCHP": {
    "ticker": "MCHP",
    "date": "2025-03-31",
    "revenue": 4401600000,
    "net_income": -500000,
    "operating_income": 296300000,
    "ebit": 296300000,
    "interest_expense": 251400000,
    "ebitda": 1040400000,
    "gross_profit": 2467900000,
    "total_assets": 15374600000,
    "total_liabilities": 8296300000,
    "total_equity": 7078300000,
    "total_debt": 5666100000,
    "current_assets": 2991300000,
    "current_liabilities": 1155100000,
    "cash": 771700000,
    "inventory": 1293500000,
    "retained_earnings": 5781100000,
    "operating_cash_flow": 898100000,
    "depreciation": 750100000
  },
  "SNPS": {
    "ticker": "SNPS",
    "date": "2025-10-31",
    "revenue": 7054178000,
    "net_income": 1337151000,
    "operating_income": 914927000,
    "ebit": 914927000,
    "interest_expense": 446729000,
    "ebitda": 2617574000,
    "gross_profit": 5238104000,
    "total_assets": 48224461000,
    "total_liabilities": 19897446000,
    "total_equity": 28327602000,
    "total_debt": 14293418000,
    "current_assets": 6012102000,
    "current_liabilities": 3722494000,
    "cash": 2888030000,
    "inventory": 365190000,
    "retained_earnings": 10315487000,
    "operating_cash_flow": 1518608000,
    "depreciation": 777703000
  },
  "CDNS": {
    "ticker": "CDNS",
    "date": "2024-12-31",
    "revenue": 4641264000,
    "net_income": 1055484000,
    "operating_income": 1350763000,
    "ebit": 1350763000,
    "interest_expense": 75999000,
    "ebitda": 1666833000,
    "gross_profit": 3993762000,
    "total_assets": 8974482000,
    "total_liabilities": 4300904000,
    "total_equity": 4673578000,
    "total_debt": 2585076000,
    "current_assets": 4016079000,
    "current_liabilities": 1370105000,
    "cash": 2644030000,
    "inventory": 257711000,
    "retained_earnings": 5991868000,
    "operating_cash_flow": 1260551000,
    "depreciation": 195015000
  },
  "FTNT": {
    "ticker": "FTNT",
    "date": "2024-12-31",
    "revenue": 5955800000,
    "net_income": 1745200000,
    "operating_income": 1803400000,
    "ebit": 1803400000,
    "interest_expense": 20000000,
    "ebitda": 2201300000,
    "gross_profit": 4798200000,
    "total_assets": 9763100000,
    "total_liabilities": 8269300000,
    "total_equity": 1493800000,
    "total_debt": 994300000,
    "current_assets": 5971500000,
    "current_liabilities": 4060700000,
    "cash": 2875900000,
    "inventory": 315500000,
    "retained_earnings": -117100000,
    "operating_cash_flow": 2258100000,
    "depreciation": 122800000
  },
  "PANW": {
    "ticker": "PANW",
    "date": "2025-07-31",
    "revenue": 9221500000,
    "net_income": 1133900000,
    "operating_income": 1242900000,
    "ebit": 1242900000,
    "interest_expense": 3000000,
    "ebitda": 1941000000,
    "gross_profit": 6769900000,
    "total_assets": 23576200000,
    "total_liabilities": 15751800000,
    "total_equity": 7824400000,
    "total_debt": 338200000,
    "current_assets": 7103300000,
    "current_liabilities": 7988000000,
    "cash": 2268600000,
    "inventory": 0,
    "retained_earnings": 2484100000,
    "operating_cash_flow": 3716000000,
    "depreciation": 302300000
  },
  "ADSK": {
    "ticker": "ADSK",
    "date": "2025-01-31",
    "revenue": 6131000000,
    "net_income": 1112000000,
    "operating_income": 1354000000,
    "ebit": 1354000000,
    "interest_expense": 0,
    "ebitda": 1549000000,
    "gross_profit": 5553000000,
    "total_assets": 10833000000,
    "total_liabilities": 8212000000,
    "total_equity": 2621000000,
    "total_debt": 2559000000,
    "current_assets": 3482000000,
    "current_liabilities": 5151000000,
    "cash": 1599000000,
    "inventory": 0,
    "retained_earnings": -1333000000,
    "operating_cash_flow": 1607000000,
    "depreciation": 180000000
  },
  "INTU": {
    "ticker": "INTU",
    "date": "2025-07-31",
    "revenue": 18831000000,
    "net_income": 3869000000,
    "operating_income": 4923000000,
    "ebit": 4923000000,
    "interest_expense": 247000000,
    "ebitda": 5890000000,
    "gross_profit": 15207000000,
    "total_assets": 36958000000,
    "total_liabilities": 17248000000,
    "total_equity": 19710000000,
    "total_debt": 6639000000,
    "current_assets": 14107000000,
    "current_liabilities": 10370000000,
    "cash": 2884000000,
    "inventory": 0,
    "retained_earnings": 19668000000,
    "operating_cash_flow": 6207000000,
    "depreciation": 809000000
  },
  "ANSS": {
    "ticker": "ANSS",
    "date": "2024-12-31",
    "revenue": 2544809000,
    "net_income": 575692000,
    "operating_income": 717888000,
    "ebit": 717888000,
    "interest_expense": 47849000,
    "ebitda": 908559000,
    "gross_profit": 2264990000,
    "total_assets": 8051431000,
    "total_liabilities": 1964991000,
    "total_equity": 6086440000,
    "total_debt": 841144000,
    "current_assets": 2831493000,
    "current_liabilities": 941184000,
    "cash": 1446743000,
    "inventory": 0,
    "retained_earnings": 5859034000,
    "operating_cash_flow": 795740000,
    "depreciation": 142672000
  },
  "MSCI": {
    "ticker": "MSCI",
    "date": "2024-12-31",
    "revenue": 2856128000,
    "net_income": 1109128000,
    "operating_income": 1528518000,
    "ebit": 1528518000,
    "interest_expense": 185500000,
    "ebitda": 1747943000,
    "gross_profit": 2341746000,
    "total_assets": 5445439000,
    "total_liabilities": 6385436000,
    "total_equity": -939997000,
    "total_debt": 4631969000,
    "current_assets": 1344021000,
    "current_liabilities": 1585654000,
    "cash": 405854000,
    "inventory": 0,
    "retained_earnings": 4780300000,
    "operating_cash_flow": 1501627000,
    "depreciation": 206275000
  },
  "MCO": {
    "ticker": "MCO",
    "date": "2024-12-31",
    "revenue": 7088000000,
    "net_income": 2058000000,
    "operating_income": 2971000000,
    "ebit": 2971000000,
    "interest_expense": 204000000,
    "ebitda": 3334000000,
    "gross_profit": 4707000000,
    "total_assets": 15505000000,
    "total_liabilities": 11778000000,
    "total_equity": 3565000000,
    "total_debt": 7746000000,
    "current_assets": 5159000000,
    "current_liabilities": 3597000000,
    "cash": 2408000000,
    "inventory": 0,
    "retained_earnings": 16071000000,
    "operating_cash_flow": 2838000000,
    "depreciation": 431000000
  },
  "NDAQ": {
    "ticker": "NDAQ",
    "date": "2024-12-31",
    "revenue": 7400000000,
    "net_income": 1117000000,
    "operating_income": 1798000000,
    "ebit": 1798000000,
    "interest_expense": 0,
    "ebitda": 2460000000,
    "gross_profit": 2989000000,
    "total_assets": 30395000000,
    "total_liabilities": 19195000000,
    "total_equity": 11191000000,
    "total_debt": 9868000000,
    "current_assets": 7786000000,
    "current_liabilities": 7902000000,
    "cash": 592000000,
    "inventory": 0,
    "retained_earnings": 8401000000,
    "operating_cash_flow": 1939000000,
    "depreciation": 613000000
  },
  "CBOE": {
    "ticker": "CBOE",
    "date": "2024-12-31",
    "revenue": 4094500000,
    "net_income": 764900000,
    "operating_income": 1098400000,
    "ebit": 1098400000,
    "interest_expense": 51500000,
    "ebitda": 1268300000,
    "gross_profit": 2072400000,
    "total_assets": 7789100000,
    "total_liabilities": 3509500000,
    "total_equity": 4279600000,
    "total_debt": 1599300000,
    "current_assets": 2479100000,
    "current_liabilities": 1395200000,
    "cash": 920300000,
    "inventory": 0,
    "retained_earnings": 2815900000,
    "operating_cash_flow": 1024599999,
    "depreciation": 133000000
  },
  "FIS": {
    "ticker": "FIS",
    "date": "2024-12-31",
    "revenue": 10127000000,
    "net_income": 1450000000,
    "operating_income": 1709000000,
    "ebit": 1709000000,
    "interest_expense": 351000000,
    "ebitda": 3385000000,
    "gross_profit": 3804000000,
    "total_assets": 33784000000,
    "total_liabilities": 18084000000,
    "total_equity": 15698000000,
    "total_debt": 11541000000,
    "current_assets": 5186000000,
    "current_liabilities": 6094000000,
    "cash": 834000000,
    "inventory": 0,
    "retained_earnings": -22257000000,
    "operating_cash_flow": 2071000000,
    "depreciation": 1737000000
  },
  "FISV": {
    "ticker": "FISV",
    "date": "2024-12-31",
    "revenue": 20456000000,
    "net_income": 3131000000,
    "operating_income": 5879000000,
    "ebit": 5879000000,
    "interest_expense": 1238000000,
    "ebitda": 8839000000,
    "gross_profit": 12443000000,
    "total_assets": 77176000000,
    "total_liabilities": 49490000000,
    "total_equity": 27068000000,
    "total_debt": 24956000000,
    "current_assets": 23477000000,
    "current_liabilities": 22157000000,
    "cash": 1236000000,
    "inventory": 0,
    "retained_earnings": 23575000000,
    "operating_cash_flow": 6631000000,
    "depreciation": 3095000000
  },
  "GPN": {
    "ticker": "GPN",
    "date": "2024-12-31",
    "revenue": 10105894000,
    "net_income": 1570365000,
    "operating_income": 2285471000,
    "ebit": 2285471000,
    "interest_expense": 633986000,
    "ebitda": 4519486000,
    "gross_profit": 6345778000,
    "total_assets": 46890255000,
    "total_liabilities": 23873688000,
    "total_equity": 22280686000,
    "total_debt": 16815381000,
    "current_assets": 6036670000,
    "current_liabilities": 6252714000,
    "cash": 2538416000,
    "inventory": 0,
    "retained_earnings": 4774736000,
    "operating_cash_flow": 3532683000,
    "depreciation": 1862331000
  },
  "PYPL": {
    "ticker": "PYPL",
    "date": "2024-12-31",
    "revenue": 31797000000,
    "net_income": 4147000000,
    "operating_income": 5325000000,
    "ebit": 5325000000,
    "interest_expense": 382000000,
    "ebitda": 6743000000,
    "gross_profit": 14658000000,
    "total_assets": 81611000000,
    "total_liabilities": 61194000000,
    "total_equity": 20417000000,
    "total_debt": 9879000000,
    "current_assets": 61092000000,
    "current_liabilities": 48376000000,
    "cash": 6561000000,
    "inventory": 0,
    "retained_earnings": 27347000000,
    "operating_cash_flow": 7450000000,
    "depreciation": 1032000000
  },
  "AIG": {
    "ticker": "AIG",
    "date": "2024-12-31",
    "revenue": 27270000000,
    "net_income": -1404000000,
    "operating_income": 3866000000,
    "ebit": 3866000000,
    "interest_expense": 462000000,
    "ebitda": 7929000000,
    "gross_profit": 9278000000,
    "total_assets": 161322000000,
    "total_liabilities": 118772000000,
    "total_equity": 42521000000,
    "total_debt": 8922000000,
    "current_assets": 0,
    "current_liabilities": 0,
    "cash": 1302000000,
    "inventory": 0,
    "retained_earnings": 35079000000,
    "operating_cash_flow": 3273000000,
    "depreciation": 3597000000
  },
  "MET": {
    "ticker": "MET",
    "date": "2024-12-31",
    "revenue": 69939000000,
    "net_income": 4426000000,
    "operating_income": 5622000000,
    "ebit": 5622000000,
    "interest_expense": 1037000000,
    "ebitda": 7373000000,
    "gross_profit": 18999000000,
    "total_assets": 677457000000,
    "total_liabilities": 649754000000,
    "total_equity": 27445000000,
    "total_debt": 18715000000,
    "current_assets": 0,
    "current_liabilities": 0,
    "cash": 20068000000,
    "inventory": 0,
    "retained_earnings": 42626000000,
    "operating_cash_flow": 15116000000,
    "depreciation": 0
  },
  "PRU": {
    "ticker": "PRU",
    "date": "2024-12-31",
    "revenue": 70675000000,
    "net_income": 2727000000,
    "operating_income": 3209000000,
    "ebit": 3209000000,
    "interest_expense": 0,
    "ebitda": 3592000000,
    "gross_profit": 17519000000,
    "total_assets": 735587000000,
    "total_liabilities": 705461000000,
    "total_equity": 27872000000,
    "total_debt": 21570000000,
    "current_assets": 0,
    "current_liabilities": 0,
    "cash": 18497000000,
    "inventory": 0,
    "retained_earnings": 33187000000,
    "operating_cash_flow": 8502000000,
    "depreciation": 383000000
  },
  "AFL": {
    "ticker": "AFL",
    "date": "2024-12-31",
    "revenue": 19128000000,
    "net_income": 5443000000,
    "operating_income": 6417000000,
    "ebit": 6417000000,
    "interest_expense": 197000000,
    "ebitda": 6417000000,
    "gross_profit": 6815000000,
    "total_assets": 117566000000,
    "total_liabilities": 91468000000,
    "total_equity": 26098000000,
    "total_debt": 7498000000,
    "current_assets": 0,
    "current_liabilities": 0,
    "cash": 6229000000,
    "inventory": 0,
    "retained_earnings": 52277000000,
    "operating_cash_flow": 2707000000,
    "depreciation": 0
  },
  "ALL": {
    "ticker": "ALL",
    "date": "2024-12-31",
    "revenue": 63515000000,
    "net_income": 4667000000,
    "operating_income": 5761000000,
    "ebit": 5761000000,
    "interest_expense": 400000000,
    "ebitda": 6716000000,
    "gross_profit": 14500000000,
    "total_assets": 111617000000,
    "total_liabilities": 90250000000,
    "total_equity": 21442000000,
    "total_debt": 8085000000,
    "current_assets": 24779000000,
    "current_liabilities": 0,
    "cash": 704000000,
    "inventory": 0,
    "retained_earnings": 53288000000,
    "operating_cash_flow": 8931000000,
    "depreciation": 555000000
  },
  "TRV": {
    "ticker": "TRV",
    "date": "2024-12-31",
    "revenue": 46428000000,
    "net_income": 4999000000,
    "operating_income": 6180000000,
    "ebit": 6180000000,
    "interest_expense": 392000000,
    "ebitda": 7287000000,
    "gross_profit": 12396000000,
    "total_assets": 133189000000,
    "total_liabilities": 105325000000,
    "total_equity": 27864000000,
    "total_debt": 8033000000,
    "current_assets": 112614000000,
    "current_liabilities": 3839000000,
    "cash": 699000000,
    "inventory": 0,
    "retained_earnings": 49630000000,
    "operating_cash_flow": 9074000000,
    "depreciation": 715000000
  },
  "PGR": {
    "ticker": "PGR",
    "date": "2024-12-31",
    "revenue": 75343000000,
    "net_income": 8480000000,
    "operating_income": 10713000000,
    "ebit": 10713000000,
    "interest_expense": 279000000,
    "ebitda": 11276000000,
    "gross_profit": 20900000000,
    "total_assets": 105745000000,
    "total_liabilities": 80154000000,
    "total_equity": 25591000000,
    "total_debt": 6893000000,
    "current_assets": 23320000000,
    "current_liabilities": 0,
    "cash": 143000000,
    "inventory": 0,
    "retained_earnings": 24283000000,
    "operating_cash_flow": 15119000000,
    "depreciation": 284000000
  },
  "HIG": {
    "ticker": "HIG",
    "date": "2024-12-31",
    "revenue": 26384000000,
    "net_income": 3111000000,
    "operating_income": 3849000000,
    "ebit": 3849000000,
    "interest_expense": 199000000,
    "ebitda": 4205000000,
    "gross_profit": 3970000000,
    "total_assets": 80917000000,
    "total_liabilities": 64470000000,
    "total_equity": 16447000000,
    "total_debt": 4366000000,
    "current_assets": 10249000000,
    "current_liabilities": 614000000,
    "cash": 183000000,
    "inventory": 0,
    "retained_earnings": 21531000000,
    "operating_cash_flow": 5909000000,
    "depreciation": 356000000
  },
  "DD": {
    "ticker": "DD",
    "date": "2024-12-31",
    "revenue": 12386000000,
    "net_income": 703000000,
    "operating_income": 1829000000,
    "ebit": 1829000000,
    "interest_expense": 366000000,
    "ebitda": 2752000000,
    "gross_profit": 3912000000,
    "total_assets": 36636000000,
    "total_liabilities": 12843000000,
    "total_equity": 23350000000,
    "total_debt": 7171000000,
    "current_assets": 6364000000,
    "current_liabilities": 4801000000,
    "cash": 1850000000,
    "inventory": 2130000000,
    "retained_earnings": -23076000000,
    "operating_cash_flow": 1847000000,
    "depreciation": 1194000000
  },
  "DOW": {
    "ticker": "DOW",
    "date": "2024-12-31",
    "revenue": 42964000000,
    "net_income": 1116000000,
    "operating_income": 2064000000,
    "ebit": 2064000000,
    "interest_expense": 758000000,
    "ebitda": 5252000000,
    "gross_profit": 4455000000,
    "total_assets": 57312000000,
    "total_liabilities": 39461000000,
    "total_equity": 17355000000,
    "total_debt": 17645000000,
    "current_assets": 16590000000,
    "current_liabilities": 10288000000,
    "cash": 2189000000,
    "inventory": 6544000000,
    "retained_earnings": 20909000000,
    "operating_cash_flow": 2914000000,
    "depreciation": 2894000000
  },
  "NEM": {
    "ticker": "NEM",
    "date": "2024-12-31",
    "revenue": 18557000000,
    "net_income": 3348000000,
    "operating_income": 5748000000,
    "ebit": 5748000000,
    "interest_expense": 385000000,
    "ebitda": 7866000000,
    "gross_profit": 6424000000,
    "total_assets": 56349000000,
    "total_liabilities": 26240000000,
    "total_equity": 29928000000,
    "total_debt": 8972000000,
    "current_assets": 12275000000,
    "current_liabilities": 7543000000,
    "cash": 3619000000,
    "inventory": 2184000000,
    "retained_earnings": -1320000000,
    "operating_cash_flow": 6363000000,
    "depreciation": 2576000000
  },
  "FCX": {
    "ticker": "FCX",
    "date": "2024-12-31",
    "revenue": 25455000000,
    "net_income": 1883000000,
    "operating_income": 6864000000,
    "ebit": 6864000000,
    "interest_expense": 319000000,
    "ebitda": 9467000000,
    "gross_profit": 7503000000,
    "total_assets": 54848000000,
    "total_liabilities": 26070000000,
    "total_equity": 17581000000,
    "total_debt": 9738000000,
    "current_assets": 13296000000,
    "current_liabilities": 5496000000,
    "cash": 3923000000,
    "inventory": 6808000000,
    "retained_earnings": -170000000,
    "operating_cash_flow": 7160000000,
    "depreciation": 2241000000
  },
  "PPG": {
    "ticker": "PPG",
    "date": "2024-12-31",
    "revenue": 15845000000,
    "net_income": 1116000000,
    "operating_income": 2287000000,
    "ebit": 2287000000,
    "interest_expense": 241000000,
    "ebitda": 2585000000,
    "gross_profit": 6593000000,
    "total_assets": 19433000000,
    "total_liabilities": 12471000000,
    "total_equity": 6785000000,
    "total_debt": 6395000000,
    "current_assets": 6557000000,
    "current_liabilities": 5014000000,
    "cash": 1270000000,
    "inventory": 1846000000,
    "retained_earnings": 21994000000,
    "operating_cash_flow": 1420000000,
    "depreciation": 492000000
  },
  "IFF": {
    "ticker": "IFF",
    "date": "2024-12-31",
    "revenue": 11484000000,
    "net_income": 243000000,
    "operating_income": 766000000,
    "ebit": 766000000,
    "interest_expense": 305000000,
    "ebitda": 1598000000,
    "gross_profit": 4124000000,
    "total_assets": 28667000000,
    "total_liabilities": 14756000000,
    "total_equity": 13876000000,
    "total_debt": 9621000000,
    "current_assets": 7993000000,
    "current_liabilities": 4333000000,
    "cash": 469000000,
    "inventory": 2256000000,
    "retained_earnings": -2605000000,
    "operating_cash_flow": 1070000000,
    "depreciation": 1015000000
  },
  "ALB": {
    "ticker": "ALB",
    "date": "2024-12-31",
    "revenue": 5377526000,
    "net_income": -1179449000,
    "operating_income": -1776545000,
    "ebit": -1776545000,
    "interest_expense": 165619000,
    "ebitda": -9112000,
    "gross_profit": 84239000,
    "total_assets": 16609649000,
    "total_liabilities": 6409961000,
    "total_equity": 9961517000,
    "total_debt": 3615679000,
    "current_assets": 3842262000,
    "current_liabilities": 1966464000,
    "cash": 1192230000,
    "inventory": 1502531000,
    "retained_earnings": 5481692000,
    "operating_cash_flow": 702068000,
    "depreciation": 588638000
  },
  "VMC": {
    "ticker": "VMC",
    "date": "2024-12-31",
    "revenue": 7417700000,
    "net_income": 911900000,
    "operating_income": 1364500000,
    "ebit": 1364500000,
    "interest_expense": 191200000,
    "ebitda": 1980800000,
    "gross_profit": 1999600000,
    "total_assets": 17104800000,
    "total_liabilities": 8962300000,
    "total_equity": 8118600000,
    "total_debt": 5828800000,
    "current_assets": 2265700000,
    "current_liabilities": 1239100000,
    "cash": 559700000,
    "inventory": 681800000,
    "retained_earnings": 5213800000,
    "operating_cash_flow": 1409600000,
    "depreciation": 632200000
  },
  "MLM": {
    "ticker": "MLM",
    "date": "2024-12-31",
    "revenue": 6536000000,
    "net_income": 1995000000,
    "operating_income": 2707000000,
    "ebit": 2707000000,
    "interest_expense": 169000000,
    "ebitda": 3338000000,
    "gross_profit": 1878000000,
    "total_assets": 18170000000,
    "total_liabilities": 8714000000,
    "total_equity": 9453000000,
    "total_debt": 5804000000,
    "current_assets": 2542000000,
    "current_liabilities": 1016000000,
    "cash": 670000000,
    "inventory": 1115000000,
    "retained_earnings": 5915000000,
    "operating_cash_flow": 1459000000,
    "depreciation": 573000000
  },
  "NUE": {
    "ticker": "NUE",
    "date": "2024-12-31",
    "revenue": 30734000000,
    "net_income": 2027000000,
    "operating_income": 2979000000,
    "ebit": 2979000000,
    "interest_expense": 228000000,
    "ebitda": 4486000000,
    "gross_profit": 4102000000,
    "total_assets": 33940000000,
    "total_liabilities": 12523000000,
    "total_equity": 20294000000,
    "total_debt": 6950000000,
    "current_assets": 12475000000,
    "current_liabilities": 4977000000,
    "cash": 3558000000,
    "inventory": 5106000000,
    "retained_earnings": 30271000000,
    "operating_cash_flow": 3979000000,
    "depreciation": 1356000000
  },
  "STLD": {
    "ticker": "STLD",
    "date": "2024-12-31",
    "revenue": 17540390000,
    "net_income": 1537134000,
    "operating_income": 1943037000,
    "ebit": 1943037000,
    "interest_expense": 56347000,
    "ebitda": 2518135000,
    "gross_profit": 2802586000,
    "total_assets": 14935233000,
    "total_liabilities": 5989987000,
    "total_equity": 8934287000,
    "total_debt": 3345339000,
    "current_assets": 5431338000,
    "current_liabilities": 2150583000,
    "cash": 589464000,
    "inventory": 3113733000,
    "retained_earnings": 14798082000,
    "operating_cash_flow": 1844503000,
    "depreciation": 478907000
  },
  "WRB": {
    "ticker": "WRB",
    "date": "2024-12-31",
    "revenue": 13638752000,
    "net_income": 1756115000,
    "operating_income": 2264493000,
    "ebit": 2264493000,
    "interest_expense": 126907000,
    "ebitda": 2220762000,
    "gross_profit": 3121615000,
    "total_assets": 40567268000,
    "total_liabilities": 32159829000,
    "total_equity": 8395111000,
    "total_debt": 2840966000,
    "current_assets": 0,
    "current_liabilities": 0,
    "cash": 1974747000,
    "inventory": 0,
    "retained_earnings": 12265070000,
    "operating_cash_flow": 3678368000,
    "depreciation": -170638000
  },
  "MTB": {
    "ticker": "MTB",
    "date": "2024-12-31",
    "revenue": 13405000000,
    "net_income": 2588000000,
    "operating_income": 3310000000,
    "ebit": 3310000000,
    "interest_expense": 4174000000,
    "ebitda": 3818000000,
    "gross_profit": 8621000000,
    "total_assets": 208105000000,
    "total_liabilities": 179078000000,
    "total_equity": 29027000000,
    "total_debt": 13665000000,
    "current_assets": 35330000000,
    "current_liabilities": 162155000000,
    "cash": 20782000000,
    "inventory": 0,
    "retained_earnings": 19079000000,
    "operating_cash_flow": 3610000000,
    "depreciation": 508000000
  },
  "KEY": {
    "ticker": "KEY",
    "date": "2024-12-31",
    "revenue": 9055000000,
    "net_income": -161000000,
    "operating_income": -306000000,
    "ebit": -306000000,
    "interest_expense": 4662000000,
    "ebitda": -233000000,
    "gross_profit": 4058000000,
    "total_assets": 187168000000,
    "total_liabilities": 168992000000,
    "total_equity": 18176000000,
    "total_debt": 14249000000,
    "current_assets": 25216000000,
    "current_liabilities": 151904000000,
    "cash": 1743000000,
    "inventory": 0,
    "retained_earnings": 14584000000,
    "operating_cash_flow": 664000000,
    "depreciation": 73000000
  },
  "FITB": {
    "ticker": "FITB",
    "date": "2024-12-31",
    "revenue": 13049000000,
    "net_income": 2314000000,
    "operating_income": 2916000000,
    "ebit": 2916000000,
    "interest_expense": 4796000000,
    "ebitda": 3411000000,
    "gross_profit": 7723000000,
    "total_assets": 212927000000,
    "total_liabilities": 193282000000,
    "total_equity": 19645000000,
    "total_debt": 18972000000,
    "current_assets": 65605000000,
    "current_liabilities": 171887000000,
    "cash": 3014000000,
    "inventory": 0,
    "retained_earnings": 24150000000,
    "operating_cash_flow": 2824000000,
    "depreciation": 495000000
  },
  "RF": {
    "ticker": "RF",
    "date": "2024-12-31",
    "revenue": 9373000000,
    "net_income": 1893000000,
    "operating_income": 2354000000,
    "ebit": 2354000000,
    "interest_expense": 2290000000,
    "ebitda": 2498000000,
    "gross_profit": 6596000000,
    "total_assets": 157302000000,
    "total_liabilities": 139392000000,
    "total_equity": 17879000000,
    "total_debt": 6493000000,
    "current_assets": 34727000000,
    "current_liabilities": 128103000000,
    "cash": 10712000000,
    "inventory": 0,
    "retained_earnings": 9060000000,
    "operating_cash_flow": 1598000000,
    "depreciation": 144000000
  },
  "HBAN": {
    "ticker": "HBAN",
    "date": "2024-12-31",
    "revenue": 11961000000,
    "net_income": 1940000000,
    "operating_income": 2403000000,
    "ebit": 2403000000,
    "interest_expense": 4576000000,
    "ebitda": 3025000000,
    "gross_profit": 6965000000,
    "total_assets": 204230000000,
    "total_liabilities": 184448000000,
    "total_equity": 19740000000,
    "total_debt": 16573000000,
    "current_assets": 24844000000,
    "current_liabilities": 162647000000,
    "cash": 13332000000,
    "inventory": 0,
    "retained_earnings": 5204000000,
    "operating_cash_flow": 1815000000,
    "depreciation": 622000000
  },
  "CFG": {
    "ticker": "CFG",
    "date": "2024-12-31",
    "revenue": 12347000000,
    "net_income": 1509000000,
    "operating_income": 1888000000,
    "ebit": 1888000000,
    "interest_expense": 4553000000,
    "ebitda": 2386000000,
    "gross_profit": 7107000000,
    "total_assets": 217521000000,
    "total_liabilities": 193267000000,
    "total_equity": 24254000000,
    "total_debt": 12401000000,
    "current_assets": 44876000000,
    "current_liabilities": 176764000000,
    "cash": 11236000000,
    "inventory": 0,
    "retained_earnings": 10412000000,
    "operating_cash_flow": 2001000000,
    "depreciation": 498000000
  },
  "GM": {
    "ticker": "GM",
    "date": "2024-12-31",
    "revenue": 187442000000,
    "net_income": 6008000000,
    "operating_income": 12784000000,
    "ebit": 12784000000,
    "interest_expense": 846000000,
    "ebitda": 21754000000,
    "gross_profit": 23149000000,
    "total_assets": 279761000000,
    "total_liabilities": 214171000000,
    "total_equity": 63072000000,
    "total_debt": 130693000000,
    "current_assets": 108545000000,
    "current_liabilities": 96265000000,
    "cash": 19872000000,
    "inventory": 14564000000,
    "retained_earnings": 53472000000,
    "operating_cash_flow": 20129000000,
    "depreciation": 12389000000
  },
  "T": {
    "ticker": "T",
    "date": "2024-12-31",
    "revenue": 122336000000,
    "net_income": 10948000000,
    "operating_income": 24261000000,
    "ebit": 24261000000,
    "interest_expense": 6745000000,
    "ebitda": 44023000000,
    "gross_profit": 52535000000,
    "total_assets": 394795000000,
    "total_liabilities": 274570000000,
    "total_equity": 104372000000,
    "total_debt": 140923000000,
    "current_assets": 31168000000,
    "current_liabilities": 46872000000,
    "cash": 3298000000,
    "inventory": 2270000000,
    "retained_earnings": 1871000000,
    "operating_cash_flow": 38771000000,
    "depreciation": 20580000000
  },
  "NFLX": {
    "ticker": "NFLX",
    "date": "2024-12-31",
    "revenue": 39000966000,
    "net_income": 8711631000,
    "operating_income": 10417614000,
    "ebit": 10417614000,
    "interest_expense": 718733000,
    "ebitda": 26314821000,
    "gross_profit": 17962502000,
    "total_assets": 53630374000,
    "total_liabilities": 28886807000,
    "total_equity": 24743567000,
    "total_debt": 17994974000,
    "current_assets": 13100379000,
    "current_liabilities": 10755400000,
    "cash": 7804733000,
    "inventory": 0,
    "retained_earnings": 31300917000,
    "operating_cash_flow": 7361364000,
    "depreciation": 15630431000
  },
  "LUV": {
    "ticker": "LUV",
    "date": "2024-12-31",
    "revenue": 27483000000,
    "net_income": 465000000,
    "operating_income": 321000000,
    "ebit": 321000000,
    "interest_expense": 214000000,
    "ebitda": 2469000000,
    "gross_profit": 4459000000,
    "total_assets": 33750000000,
    "total_liabilities": 23400000000,
    "total_equity": 10350000000,
    "total_debt": 8058000000,
    "current_assets": 11274000000,
    "current_liabilities": 12276000000,
    "cash": 7509000000,
    "inventory": 800000000,
    "retained_earnings": 16332000000,
    "operating_cash_flow": 462000000,
    "depreciation": 1657000000
  },
  "HPQ": {
    "ticker": "HPQ",
    "date": "2025-10-31",
    "revenue": 55295000000,
    "net_income": 2529000000,
    "operating_income": 3624000000,
    "ebit": 3624000000,
    "interest_expense": 506000000,
    "ebitda": 4090000000,
    "gross_profit": 11047000000,
    "total_assets": 41769000000,
    "total_liabilities": 42115000000,
    "total_equity": -346000000,
    "total_debt": 10882000000,
    "current_assets": 22453000000,
    "current_liabilities": 29258000000,
    "cash": 3690000000,
    "inventory": 8512000000,
    "retained_earnings": -2027000000,
    "operating_cash_flow": 3697000000,
    "depreciation": 916000000
  },
  "HPE": {
    "ticker": "HPE",
    "date": "2025-10-31",
    "revenue": 34296000000,
    "net_income": 57000000,
    "operating_income": 1644000000,
    "ebit": 1644000000,
    "interest_expense": 175000000,
    "ebitda": 2627000000,
    "gross_profit": 9866000000,
    "total_assets": 75906000000,
    "total_liabilities": 51152000000,
    "total_equity": 24688000000,
    "total_debt": 22365000000,
    "current_assets": 24994000000,
    "current_liabilities": 24643000000,
    "cash": 5773000000,
    "inventory": 6352000000,
    "retained_earnings": -2811000000,
    "operating_cash_flow": 2919000000,
    "depreciation": 2737000000
  },
  "WDC": {
    "ticker": "WDC",
    "date": "2025-06-27",
    "revenue": 9520000000,
    "net_income": 1861000000,
    "operating_income": 2334000000,
    "ebit": 2334000000,
    "interest_expense": 357000000,
    "ebitda": 1938000000,
    "gross_profit": 3692000000,
    "total_assets": 14002000000,
    "total_liabilities": 8691000000,
    "total_equity": 5311000000,
    "total_debt": 5081000000,
    "current_assets": 5856000000,
    "current_liabilities": 5418000000,
    "cash": 2114000000,
    "inventory": 1291000000,
    "retained_earnings": 762000000,
    "operating_cash_flow": 1691000000,
    "depreciation": 451000000
  },
  "STX": {
    "ticker": "STX",
    "date": "2025-06-27",
    "revenue": 9097000000,
    "net_income": 1469000000,
    "operating_income": 1890000000,
    "ebit": 1890000000,
    "interest_expense": 321000000,
    "ebitda": 2085000000,
    "gross_profit": 3200000000,
    "total_assets": 8023000000,
    "total_liabilities": 8476000000,
    "total_equity": -453000000,
    "total_debt": 5373000000,
    "current_assets": 3653000000,
    "current_liabilities": 2648000000,
    "cash": 891000000,
    "inventory": 1440000000,
    "retained_earnings": -8151000000,
    "operating_cash_flow": 1083000000,
    "depreciation": 251000000
  },
  "NTAP": {
    "ticker": "NTAP",
    "date": "2025-04-30",
    "revenue": 6572000000,
    "net_income": 1186000000,
    "operating_income": 1337000000,
    "ebit": 1337000000,
    "interest_expense": 64000000,
    "ebitda": 1690000000,
    "gross_profit": 4613000000,
    "total_assets": 10823000000,
    "total_liabilities": 9783000000,
    "total_equity": 1040000000,
    "total_debt": 3491000000,
    "current_assets": 5851000000,
    "current_liabilities": 4662000000,
    "cash": 2742000000,
    "inventory": 186000000,
    "retained_earnings": 0,
    "operating_cash_flow": 1506000000,
    "depreciation": 243000000
  },
  "JNPR": {
    "ticker": "JNPR",
    "date": "2024-12-31",
    "revenue": 5073600000,
    "net_income": 287900000,
    "operating_income": 291800000,
    "ebit": 291800000,
    "interest_expense": 81300000,
    "ebitda": 536200000,
    "gross_profit": 2981500000,
    "total_assets": 10008000000,
    "total_liabilities": 5223800000,
    "total_equity": 4784200000,
    "total_debt": 1750600000,
    "current_assets": 3845600000,
    "current_liabilities": 2642000000,
    "cash": 1224300000,
    "inventory": 830100000,
    "retained_earnings": -2020400000,
    "operating_cash_flow": 788100000,
    "depreciation": 156900000
  },
  "CTSH": {
    "ticker": "CTSH",
    "date": "2024-12-31",
    "revenue": 19736000000,
    "net_income": 2240000000,
    "operating_income": 2892000000,
    "ebit": 2892000000,
    "interest_expense": 54000000,
    "ebitda": 3534000000,
    "gross_profit": 6778000000,
    "total_assets": 19966000000,
    "total_liabilities": 5558000000,
    "total_equity": 14408000000,
    "total_debt": 1503000000,
    "current_assets": 7504000000,
    "current_liabilities": 3585000000,
    "cash": 2231000000,
    "inventory": 0,
    "retained_earnings": 14686000000,
    "operating_cash_flow": 2124000000,
    "depreciation": 529000000
  },
  "DXC": {
    "ticker": "DXC",
    "date": "2025-03-31",
    "revenue": 12871000000,
    "net_income": 389000000,
    "operating_income": 698000000,
    "ebit": 698000000,
    "interest_expense": 265000000,
    "ebitda": 2208000000,
    "gross_profit": 3101000000,
    "total_assets": 13205000000,
    "total_liabilities": 9715000000,
    "total_equity": 3229000000,
    "total_debt": 4547000000,
    "current_assets": 5363000000,
    "current_liabilities": 4411000000,
    "cash": 1796000000,
    "inventory": 0,
    "retained_earnings": -3451000000,
    "operating_cash_flow": 1398000000,
    "depreciation": 1313000000
  },
  "LDOS": {
    "ticker": "LDOS",
    "date": "2025-01-03",
    "revenue": 16662000000,
    "net_income": 1254000000,
    "operating_income": 1827000000,
    "ebit": 1827000000,
    "interest_expense": 193000000,
    "ebitda": 2122000000,
    "gross_profit": 2798000000,
    "total_assets": 13104000000,
    "total_liabilities": 8644000000,
    "total_equity": 4412000000,
    "total_debt": 5291000000,
    "current_assets": 4428000000,
    "current_liabilities": 3654000000,
    "cash": 943000000,
    "inventory": 315000000,
    "retained_earnings": 3410000000,
    "operating_cash_flow": 1392000000,
    "depreciation": 290000000
  },
  "SAIC": {
    "ticker": "SAIC",
    "date": "2025-01-31",
    "revenue": 7479000000,
    "net_income": 362000000,
    "operating_income": 563000000,
    "ebit": 563000000,
    "interest_expense": 126000000,
    "ebitda": 694000000,
    "gross_profit": 892000000,
    "total_assets": 5246000000,
    "total_liabilities": 3669000000,
    "total_equity": 1577000000,
    "total_debt": 2393000000,
    "current_assets": 1154000000,
    "current_liabilities": 1396000000,
    "cash": 56000000,
    "inventory": 0,
    "retained_earnings": 1565000000,
    "operating_cash_flow": 494000000,
    "depreciation": 140000000
  },
  "BAX": {
    "ticker": "BAX",
    "date": "2024-12-31",
    "revenue": 10636000000,
    "net_income": -649000000,
    "operating_income": 14000000,
    "ebit": 14000000,
    "interest_expense": 408000000,
    "ebitda": 1116000000,
    "gross_profit": 3984000000,
    "total_assets": 25782000000,
    "total_liabilities": 18758000000,
    "total_equity": 6964000000,
    "total_debt": 13449000000,
    "current_assets": 8853000000,
    "current_liabilities": 6511000000,
    "cash": 1764000000,
    "inventory": 2046000000,
    "retained_earnings": 14929000000,
    "operating_cash_flow": 1019000000,
    "depreciation": 997000000
  },
  "BDX": {
    "ticker": "BDX",
    "date": "2025-09-30",
    "revenue": 21839000000,
    "net_income": 1678000000,
    "operating_income": 2578000000,
    "ebit": 2578000000,
    "interest_expense": 613000000,
    "ebitda": 4957000000,
    "gross_profit": 9924000000,
    "total_assets": 55325000000,
    "total_liabilities": 29936000000,
    "total_equity": 25390000000,
    "total_debt": 19181000000,
    "current_assets": 9255000000,
    "current_liabilities": 8313000000,
    "cash": 851000000,
    "inventory": 3894000000,
    "retained_earnings": 16622000000,
    "operating_cash_flow": 3430000000,
    "depreciation": 2462000000
  },
  "BSX": {
    "ticker": "BSX",
    "date": "2024-12-31",
    "revenue": 16747000000,
    "net_income": 1854000000,
    "operating_income": 2635000000,
    "ebit": 2635000000,
    "interest_expense": 387000000,
    "ebitda": 3938000000,
    "gross_profit": 10267000000,
    "total_assets": 39395000000,
    "total_liabilities": 17392000000,
    "total_equity": 21770000000,
    "total_debt": 11147000000,
    "current_assets": 6920000000,
    "current_liabilities": 6399000000,
    "cash": 414000000,
    "inventory": 2810000000,
    "retained_earnings": 2673000000,
    "operating_cash_flow": 3435000000,
    "depreciation": 1269000000
  },
  "DXCM": {
    "ticker": "DXCM",
    "date": "2024-12-31",
    "revenue": 4033000000,
    "net_income": 576200000,
    "operating_income": 600000000,
    "ebit": 600000000,
    "interest_expense": 19000000,
    "ebitda": 945700000,
    "gross_profit": 2438200000,
    "total_assets": 6484500000,
    "total_liabilities": 4381900000,
    "total_equity": 2102600000,
    "total_debt": 2587400000,
    "current_assets": 4301400000,
    "current_liabilities": 2932000000,
    "cash": 606100000,
    "inventory": 542600000,
    "retained_earnings": 1597600000,
    "operating_cash_flow": 989500000,
    "depreciation": 217700000
  },
  "ALGN": {
    "ticker": "ALGN",
    "date": "2024-12-31",
    "revenue": 3999012000,
    "net_income": 421362000,
    "operating_income": 607628000,
    "ebit": 607628000,
    "interest_expense": 0,
    "ebitda": 816798000,
    "gross_profit": 2799159000,
    "total_assets": 6214600000,
    "total_liabilities": 2362615000,
    "total_equity": 3851985000,
    "total_debt": 119277000,
    "current_assets": 2492441000,
    "current_liabilities": 2038027000,
    "cash": 1043887000,
    "inventory": 254287000,
    "retained_earnings": 2483766000,
    "operating_cash_flow": 738231000,
    "depreciation": 145034000
  },
  "HOLX": {
    "ticker": "HOLX",
    "date": "2025-09-27",
    "revenue": 4100500000,
    "net_income": 565700000,
    "operating_income": 714300000,
    "ebit": 714300000,
    "interest_expense": 42700000,
    "ebitda": 1023700000,
    "gross_profit": 2501100000,
    "total_assets": 9014900000,
    "total_liabilities": 3967000000,
    "total_equity": 5047900000,
    "total_debt": 2626800000,
    "current_assets": 3668100000,
    "current_liabilities": 977200000,
    "cash": 1959500000,
    "inventory": 679400000,
    "retained_earnings": 3411500000,
    "operating_cash_flow": 1057099999,
    "depreciation": 299800000
  },
  "TECH": {
    "ticker": "TECH",
    "date": "2025-06-30",
    "revenue": 1219635000,
    "net_income": 73400000,
    "operating_income": 102255000,
    "ebit": 102255000,
    "interest_expense": 8509000,
    "ebitda": 216875000,
    "gross_profit": 790272000,
    "total_assets": 2557868000,
    "total_liabilities": 639060000,
    "total_equity": 1918808000,
    "total_debt": 444058000,
    "current_assets": 608300000,
    "current_liabilities": 175849000,
    "cash": 162186000,
    "inventory": 189446000,
    "retained_earnings": 1066049000,
    "operating_cash_flow": 287556000,
    "depreciation": 109903000
  },
  "ILMN": {
    "ticker": "ILMN",
    "date": "2024-12-29",
    "revenue": 4372000000,
    "net_income": -1223000000,
    "operating_income": -833000000,
    "ebit": -833000000,
    "interest_expense": 100000000,
    "ebitda": -725000000,
    "gross_profit": 2861000000,
    "total_assets": 6303000000,
    "total_liabilities": 3930000000,
    "total_equity": 2373000000,
    "total_debt": 2622000000,
    "current_assets": 2746000000,
    "current_liabilities": 1547000000,
    "cash": 1127000000,
    "inventory": 547000000,
    "retained_earnings": -1242000000,
    "operating_cash_flow": 837000000,
    "depreciation": 354000000
  },
  "A": {
    "ticker": "A",
    "date": "2025-10-31",
    "revenue": 6948000000,
    "net_income": 1303000000,
    "operating_income": 1479000000,
    "ebit": 1479000000,
    "interest_expense": 112000000,
    "ebitda": 1835000000,
    "gross_profit": 3643000000,
    "total_assets": 12727000000,
    "total_liabilities": 5986000000,
    "total_equity": 6741000000,
    "total_debt": 3354000000,
    "current_assets": 4594000000,
    "current_liabilities": 2347000000,
    "cash": 1789000000,
    "inventory": 1025000000,
    "retained_earnings": 1389000000,
    "operating_cash_flow": 1559000000,
    "depreciation": 288000000
  },
  "WAT": {
    "ticker": "WAT",
    "date": "2024-12-31",
    "revenue": 2958387000,
    "net_income": 637834000,
    "operating_income": 826353000,
    "ebit": 826353000,
    "interest_expense": 89677000,
    "ebitda": 1036370000,
    "gross_profit": 1758186000,
    "total_assets": 4553795000,
    "total_liabilities": 2725288000,
    "total_equity": 1828507000,
    "total_debt": 1702342000,
    "current_assets": 1669111000,
    "current_liabilities": 789758000,
    "cash": 324421000,
    "inventory": 477261000,
    "retained_earnings": 9788655000,
    "operating_cash_flow": 762123000,
    "depreciation": 191825000
  },
  "PKI": {
    "ticker": "PKI",
    "date": "2024-12-29",
    "revenue": 2755026000,
    "net_income": 270385000,
    "operating_income": 346741000,
    "ebit": 346741000,
    "interest_expense": 30615000,
    "ebitda": 346741000,
    "gross_profit": 1713277000,
    "total_assets": 12392478000,
    "total_liabilities": 4725604000,
    "total_equity": 7666874000,
    "total_debt": 3302223000,
    "current_assets": 2349608000,
    "current_liabilities": 653100000,
    "cash": 1163396000,
    "inventory": 367587000,
    "retained_earnings": 5845223000,
    "operating_cash_flow": 664955000,
    "depreciation": 427849000
  },
  "BIO": {
    "ticker": "BIO",
    "date": "2024-12-31",
    "revenue": 2566500000,
    "net_income": -1844200000,
    "operating_income": 269000000,
    "ebit": 269000000,
    "interest_expense": 48900000,
    "ebitda": -2142000000,
    "gross_profit": 1378900000,
    "total_assets": 9364100000,
    "total_liabilities": 2794800000,
    "total_equity": 6569300000,
    "total_debt": 1374700000,
    "current_assets": 3030300000,
    "current_liabilities": 467800000,
    "cash": 488100000,
    "inventory": 760000000,
    "retained_earnings": 7416400000,
    "operating_cash_flow": 455200000,
    "depreciation": 151600000
  },
  "MTD": {
    "ticker": "MTD",
    "date": "2024-12-31",
    "revenue": 3872361000,
    "net_income": 863140000,
    "operating_income": 1127054000,
    "ebit": 1127054000,
    "interest_expense": 74631000,
    "ebitda": 1223675000,
    "gross_profit": 2252714000,
    "total_assets": 3239999000,
    "total_liabilities": 3366889000,
    "total_equity": -126890000,
    "total_debt": 2131073000,
    "current_assets": 1193906000,
    "current_liabilities": 1168193000,
    "cash": 59362000,
    "inventory": 342274000,
    "retained_earnings": 8371420000,
    "operating_cash_flow": 968346000,
    "depreciation": 123221000
  },
  "DRI": {
    "ticker": "DRI",
    "date": "2025-05-31",
    "revenue": 12076700000,
    "net_income": 1049600000,
    "operating_income": 1362300000,
    "ebit": 1362300000,
    "interest_expense": 180400000,
    "ebitda": 1881800000,
    "gross_profit": 2642600000,
    "total_assets": 12587000000,
    "total_liabilities": 10275700000,
    "total_equity": 2311300000,
    "total_debt": 6229700000,
    "current_assets": 937700000,
    "current_liabilities": 2247500000,
    "cash": 240000000,
    "inventory": 311600000,
    "retained_earnings": -16100000,
    "operating_cash_flow": 1707000000,
    "depreciation": 516100000
  },
  "WYNN": {
    "ticker": "WYNN",
    "date": "2024-12-31",
    "revenue": 7127961000,
    "net_income": 501078000,
    "operating_income": 1132731000,
    "ebit": 1132731000,
    "interest_expense": 688410000,
    "ebitda": 1990703000,
    "gross_profit": 3101537000,
    "total_assets": 12977963000,
    "total_liabilities": 13946566000,
    "total_equity": -224161000,
    "total_debt": 12165624000,
    "current_assets": 2921679000,
    "current_liabilities": 1539534000,
    "cash": 2426155000,
    "inventory": 75783000,
    "retained_earnings": -1676990000,
    "operating_cash_flow": 1426203000,
    "depreciation": 658895000
  },
  "LVS": {
    "ticker": "LVS",
    "date": "2024-12-31",
    "revenue": 11298000000,
    "net_income": 1446000000,
    "operating_income": 2466000000,
    "ebit": 2466000000,
    "interest_expense": 727000000,
    "ebitda": 4112000000,
    "gross_profit": 4153000000,
    "total_assets": 20666000000,
    "total_liabilities": 17506000000,
    "total_equity": 2884000000,
    "total_debt": 13752000000,
    "current_assets": 4290000000,
    "current_liabilities": 5801000000,
    "cash": 3650000000,
    "inventory": 41000000,
    "retained_earnings": 3455000000,
    "operating_cash_flow": 3204000000,
    "depreciation": 1368000000
  },
  "CZR": {
    "ticker": "CZR",
    "date": "2024-12-31",
    "revenue": 11245000000,
    "net_income": -278000000,
    "operating_income": 2304000000,
    "ebit": 2304000000,
    "interest_expense": 2377000000,
    "ebitda": 3577000000,
    "gross_profit": 5826000000,
    "total_assets": 32590000000,
    "total_liabilities": 28214000000,
    "total_equity": 4157000000,
    "total_debt": 25062000000,
    "current_assets": 1747000000,
    "current_liabilities": 2272000000,
    "cash": 866000000,
    "inventory": 45000000,
    "retained_earnings": -2801000000,
    "operating_cash_flow": 1114000000,
    "depreciation": 1324000000
  },
  "MGM": {
    "ticker": "MGM",
    "date": "2024-12-31",
    "revenue": 17240545000,
    "net_income": 746558000,
    "operating_income": 1490456000,
    "ebit": 1490456000,
    "interest_expense": 443230000,
    "ebitda": 2391392000,
    "gross_profit": 7847004000,
    "total_assets": 42231627000,
    "total_liabilities": 38511671000,
    "total_equity": 3023481000,
    "total_debt": 31853705000,
    "current_assets": 4363599000,
    "current_liabilities": 3351683000,
    "cash": 2415532000,
    "inventory": 140559000,
    "retained_earnings": 3081753000,
    "operating_cash_flow": 2362495000,
    "depreciation": 831097000
  },
  "HAS": {
    "ticker": "HAS",
    "date": "2024-12-29",
    "revenue": 4135500000,
    "net_income": 385600000,
    "operating_income": 690000000,
    "ebit": 690000000,
    "interest_expense": 171200000,
    "ebitda": 880500000,
    "gross_profit": 2671800000,
    "total_assets": 6340300000,
    "total_liabilities": 5155300000,
    "total_equity": 1157600000,
    "total_debt": 3410600000,
    "current_assets": 2242500000,
    "current_liabilities": 1401300000,
    "cash": 694700000,
    "inventory": 274200000,
    "retained_earnings": 2274200000,
    "operating_cash_flow": 847400000,
    "depreciation": 212300000
  },
  "MAT": {
    "ticker": "MAT",
    "date": "2024-12-31",
    "revenue": 5379546000,
    "net_income": 541817000,
    "operating_income": 694282000,
    "ebit": 694282000,
    "interest_expense": 118774000,
    "ebitda": 987228000,
    "gross_profit": 2734068000,
    "total_assets": 6544084000,
    "total_liabilities": 4279959000,
    "total_equity": 2264125000,
    "total_debt": 2687280000,
    "current_assets": 3126917000,
    "current_liabilities": 1315723000,
    "cash": 1387908000,
    "inventory": 501732000,
    "retained_earnings": 3603878000,
    "operating_cash_flow": 800566000,
    "depreciation": 245949000
  },
  "POOL": {
    "ticker": "POOL",
    "date": "2024-12-31",
    "revenue": 5310953000,
    "net_income": 434325000,
    "operating_income": 617204000,
    "ebit": 617204000,
    "interest_expense": 50250000,
    "ebitda": 662685000,
    "gross_profit": 1575347000,
    "total_assets": 3368184000,
    "total_liabilities": 2094719000,
    "total_equity": 1273465000,
    "total_debt": 1271923000,
    "current_assets": 1729114000,
    "current_liabilities": 844186000,
    "cash": 77862000,
    "inventory": 1289300000,
    "retained_earnings": 648476000,
    "operating_cash_flow": 659186000,
    "depreciation": 45481000
  },
  "LEG": {
    "ticker": "LEG",
    "date": "2024-12-31",
    "revenue": 4383600000,
    "net_income": -511500000,
    "operating_income": 218300000,
    "ebit": 218300000,
    "interest_expense": 85900000,
    "ebitda": -287300000,
    "gross_profit": 749100000,
    "total_assets": 3661600000,
    "total_liabilities": 2971400000,
    "total_equity": 689400000,
    "total_debt": 2048600000,
    "current_assets": 1690500000,
    "current_liabilities": 846400000,
    "cash": 350200000,
    "inventory": 722600000,
    "retained_earnings": 2064500000,
    "operating_cash_flow": 305700000,
    "depreciation": 136000000
  },
  "WHR": {
    "ticker": "WHR",
    "date": "2024-12-31",
    "revenue": 16606000000,
    "net_income": -323000000,
    "operating_income": 870000000,
    "ebit": 870000000,
    "interest_expense": 358000000,
    "ebitda": 503000000,
    "gross_profit": 2553000000,
    "total_assets": 16301000000,
    "total_liabilities": 13368000000,
    "total_equity": 2683000000,
    "total_debt": 7337000000,
    "current_assets": 5239000000,
    "current_liabilities": 7323000000,
    "cash": 1275000000,
    "inventory": 2035000000,
    "retained_earnings": 1311000000,
    "operating_cash_flow": 835000000,
    "depreciation": 333000000
  },
  "LEN": {
    "ticker": "LEN",
    "date": "2025-11-30",
    "revenue": 34186934000,
    "net_income": 2078179000,
    "operating_income": 2750407000,
    "ebit": 2750407000,
    "interest_expense": 0,
    "ebitda": 2813863000,
    "gross_profit": 6065462000,
    "total_assets": 34430437000,
    "total_liabilities": 12289828000,
    "total_equity": 21959417000,
    "total_debt": 4084686000,
    "current_assets": 16087516000,
    "current_liabilities": 3288860000,
    "cash": 3467254000,
    "inventory": 11617633000,
    "retained_earnings": 22471471000,
    "operating_cash_flow": 2403379000,
    "depreciation": 115528000
  },
  "DHI": {
    "ticker": "DHI",
    "date": "2025-09-30",
    "revenue": 34250400000,
    "net_income": 3585200000,
    "operating_income": 4424200000,
    "ebit": 4424200000,
    "interest_expense": 0,
    "ebitda": 4841200000,
    "gross_profit": 8116200000,
    "total_assets": 35471200000,
    "total_liabilities": 10729000000,
    "total_equity": 24190400000,
    "total_debt": 6031100000,
    "current_assets": 34142700000,
    "current_liabilities": 1962900000,
    "cash": 2985400000,
    "inventory": 25287300000,
    "retained_earnings": 31041400000,
    "operating_cash_flow": 3420900000,
    "depreciation": 101300000
  },
  "PHM": {
    "ticker": "PHM",
    "date": "2024-12-31",
    "revenue": 17946950000,
    "net_income": 3083262000,
    "operating_income": 3889895000,
    "ebit": 3889895000,
    "interest_expense": 479000,
    "ebitda": 4095520000,
    "gross_profit": 5221205000,
    "total_assets": 17363763000,
    "total_liabilities": 5241799000,
    "total_equity": 12121964000,
    "total_debt": 2254513000,
    "current_assets": 16578401000,
    "current_liabilities": 1495979000,
    "cash": 1613327000,
    "inventory": 12665813000,
    "retained_earnings": 8694551000,
    "operating_cash_flow": 1680794000,
    "depreciation": 89162000
  },
  "NVR": {
    "ticker": "NVR",
    "date": "2024-12-31",
    "revenue": 10543571000,
    "net_income": 1681928000,
    "operating_income": 1987559000,
    "ebit": 1987559000,
    "interest_expense": 27783000,
    "ebitda": 2161664000,
    "gross_profit": 2693022000,
    "total_assets": 6380988000,
    "total_liabilities": 2170916000,
    "total_equity": 4210072000,
    "total_debt": 1020485000,
    "current_assets": 5837880000,
    "current_liabilities": 1150431000,
    "cash": 2610975000,
    "inventory": 2058707000,
    "retained_earnings": 15046953000,
    "operating_cash_flow": 1374462000,
    "depreciation": 18375000
  },
  "TOL": {
    "ticker": "TOL",
    "date": "2025-10-31",
    "revenue": 10966723000,
    "net_income": 1346486000,
    "operating_income": 1720614000,
    "ebit": 1720614000,
    "interest_expense": 0,
    "ebitda": 1866195000,
    "gross_profit": 2847011000,
    "total_assets": 14519866000,
    "total_liabilities": 6233802000,
    "total_equity": 8270663000,
    "total_debt": 2916253000,
    "current_assets": 11937457000,
    "current_liabilities": 3445889000,
    "cash": 1258997000,
    "inventory": 10678460000,
    "retained_earnings": 8574807000,
    "operating_cash_flow": 1112411000,
    "depreciation": 82085000
  },
  "KBH": {
    "ticker": "KBH",
    "date": "2025-11-30",
    "revenue": 6236214000,
    "net_income": 428789000,
    "operating_income": 525251999,
    "ebit": 525251999,
    "interest_expense": 0,
    "ebitda": 595129999,
    "gross_profit": 1177554000,
    "total_assets": 6936169000,
    "total_liabilities": 2875553000,
    "total_equity": 4060616000,
    "total_debt": 1712538000,
    "current_assets": 6527952000,
    "current_liabilities": 936147000,
    "cash": 599193000,
    "inventory": 5528020000,
    "retained_earnings": 3269423000,
    "operating_cash_flow": 362722000,
    "depreciation": 37272000
  },
  "MDC": {
    "ticker": "MDC",
    "date": "2024-12-31",
    "revenue": 148686000,
    "net_income": 323230000,
    "operating_income": 301738000,
    "ebit": 301738000,
    "interest_expense": 0,
    "ebitda": 301738000,
    "gross_profit": 921274000,
    "total_assets": 4679791000,
    "total_liabilities": 1921616000,
    "total_equity": 2949741000,
    "total_debt": 0,
    "current_assets": 4380096000,
    "current_liabilities": 121152000,
    "cash": 605653000,
    "inventory": 3752253000,
    "retained_earnings": 1752007000,
    "operating_cash_flow": -66660000,
    "depreciation": 31725000
  },
  "TSLA": {
    "ticker": "TSLA",
    "date": "2024-12-31",
    "revenue": 97690000000,
    "net_income": 7130000000,
    "operating_income": 7076000000,
    "ebit": 7076000000,
    "interest_expense": 350000000,
    "ebitda": 14708000000,
    "gross_profit": 17450000000,
    "total_assets": 122070000000,
    "total_liabilities": 48390000000,
    "total_equity": 72913000000,
    "total_debt": 13623000000,
    "current_assets": 58360000000,
    "current_liabilities": 28821000000,
    "cash": 16139000000,
    "inventory": 12017000000,
    "retained_earnings": 35209000000,
    "operating_cash_flow": 14923000000,
    "depreciation": 5368000000
  },
  "F": {
    "ticker": "F",
    "date": "2024-12-31",
    "revenue": 184992000000,
    "net_income": 5879000000,
    "operating_income": 5219000000,
    "ebit": 5219000000,
    "interest_expense": 1136000000,
    "ebitda": 14236000000,
    "gross_profit": 15506000000,
    "total_assets": 285196000000,
    "total_liabilities": 240338000000,
    "total_equity": 44835000000,
    "total_debt": 160862000000,
    "current_assets": 124474000000,
    "current_liabilities": 106859000000,
    "cash": 22935000000,
    "inventory": 14951000000,
    "retained_earnings": 33740000000,
    "operating_cash_flow": 15423000000,
    "depreciation": 5867000000
  },
  "DELL": {
    "ticker": "DELL",
    "date": "2025-01-31",
    "revenue": 95567000000,
    "net_income": 4592000000,
    "operating_income": 6237000000,
    "ebit": 6237000000,
    "interest_expense": 1414000000,
    "ebitda": 9585000000,
    "gross_profit": 21250000000,
    "total_assets": 79746000000,
    "total_liabilities": 81133000000,
    "total_equity": -1482000000,
    "total_debt": 24567000000,
    "current_assets": 36229000000,
    "current_liabilities": 46527000000,
    "cash": 3633000000,
    "inventory": 6716000000,
    "retained_earnings": -1160000000,
    "operating_cash_flow": 4521000000,
    "depreciation": 3123000000
  },
  "DAL": {
    "ticker": "DAL",
    "date": "2024-12-31",
    "revenue": 61643000000,
    "net_income": 3457000000,
    "operating_income": 5995000000,
    "ebit": 5995000000,
    "interest_expense": 747000000,
    "ebitda": 7918000000,
    "gross_profit": 16557000000,
    "total_assets": 75372000000,
    "total_liabilities": 60079000000,
    "total_equity": 15293000000,
    "total_debt": 22771000000,
    "current_assets": 9844000000,
    "current_liabilities": 26670000000,
    "cash": 3069000000,
    "inventory": 1428000000,
    "retained_earnings": 8783000000,
    "operating_cash_flow": 8025000000,
    "depreciation": 2513000000
  },
  "WBA": {
    "ticker": "WBA",
    "date": "2024-08-31",
    "revenue": 147658000000,
    "net_income": -8636000000,
    "operating_income": -14076000000,
    "ebit": -14076000000,
    "interest_expense": 482000000,
    "ebitda": -11278000000,
    "gross_profit": 26524000000,
    "total_assets": 81037000000,
    "total_liabilities": 68857000000,
    "total_equity": 10445000000,
    "total_debt": 33769000000,
    "current_assets": 18335000000,
    "current_liabilities": 26953000000,
    "cash": 1319000000,
    "inventory": 8320000000,
    "retained_earnings": 23348000000,
    "operating_cash_flow": 1018000000,
    "depreciation": 2459000000
  },
  "KR": {
    "ticker": "KR",
    "date": "2025-02-01",
    "revenue": 147123000000,
    "net_income": 2665000000,
    "operating_income": 3849000000,
    "ebit": 3849000000,
    "interest_expense": 459000000,
    "ebitda": 7641000000,
    "gross_profit": 33403000000,
    "total_assets": 52616000000,
    "total_liabilities": 44335000000,
    "total_equity": 8285000000,
    "total_debt": 25082000000,
    "current_assets": 15273000000,
    "current_liabilities": 15940000000,
    "cash": 3959000000,
    "inventory": 7038000000,
    "retained_earnings": 28724000000,
    "operating_cash_flow": 5794000000,
    "depreciation": 3849000000
  },
  "APA": {
    "ticker": "APA",
    "date": "2024-12-31",
    "revenue": 9737000000,
    "net_income": 804000000,
    "operating_income": 3199000000,
    "ebit": 3199000000,
    "interest_expense": 379000000,
    "ebitda": 4174000000,
    "gross_profit": 4302000000,
    "total_assets": 19390000000,
    "total_liabilities": 13028000000,
    "total_equity": 5280000000,
    "total_debt": 6162000000,
    "current_assets": 3404000000,
    "current_liabilities": 2955000000,
    "cash": 625000000,
    "inventory": 425000000,
    "retained_earnings": -2155000000,
    "operating_cash_flow": 3620000000,
    "depreciation": 2266000000
  },
  "DVN": {
    "ticker": "DVN",
    "date": "2024-12-31",
    "revenue": 15567000000,
    "net_income": 2891000000,
    "operating_income": 3770000000,
    "ebit": 3770000000,
    "interest_expense": 401000000,
    "ebitda": 7431000000,
    "gross_profit": 4270000000,
    "total_assets": 30489000000,
    "total_liabilities": 15785000000,
    "total_equity": 14496000000,
    "total_debt": 9203000000,
    "current_assets": 3427000000,
    "current_liabilities": 3309000000,
    "cash": 846000000,
    "inventory": 294000000,
    "retained_earnings": 8166000000,
    "operating_cash_flow": 6600000000,
    "depreciation": 3255000000
  },
  "OXY": {
    "ticker": "OXY",
    "date": "2024-12-31",
    "revenue": 27099000000,
    "net_income": 3043000000,
    "operating_income": 5967000000,
    "ebit": 5967000000,
    "interest_expense": 1175000000,
    "ebitda": 12722000000,
    "gross_profit": 9649000000,
    "total_assets": 85445000000,
    "total_liabilities": 50965000000,
    "total_equity": 34159000000,
    "total_debt": 27104000000,
    "current_assets": 9070000000,
    "current_liabilities": 9521000000,
    "cash": 2132000000,
    "inventory": 2095000000,
    "retained_earnings": 21189000000,
    "operating_cash_flow": 11439000000,
    "depreciation": 7705000000
  },
  "MRO": {
    "ticker": "MRO",
    "date": "2023-12-31",
    "revenue": 6407000000,
    "net_income": 1554000000,
    "operating_income": 2248000000,
    "ebit": 2248000000,
    "interest_expense": 343000000,
    "ebitda": 4479000000,
    "gross_profit": 2679000000,
    "total_assets": 19575000000,
    "total_liabilities": 8370000000,
    "total_equity": 11205000000,
    "total_debt": 5428000000,
    "current_assets": 1569000000,
    "current_liabilities": 3922000000,
    "cash": 155000000,
    "inventory": 186000000,
    "retained_earnings": 11966000000,
    "operating_cash_flow": 4087000000,
    "depreciation": 2211000000
  },
  "HAL": {
    "ticker": "HAL",
    "date": "2024-12-31",
    "revenue": 22944000000,
    "net_income": 2501000000,
    "operating_income": 3822000000,
    "ebit": 3822000000,
    "interest_expense": 450000000,
    "ebitda": 4763000000,
    "gross_profit": 4301000000,
    "total_assets": 25587000000,
    "total_liabilities": 15039000000,
    "total_equity": 10506000000,
    "total_debt": 8772000000,
    "current_assets": 12382000000,
    "current_liabilities": 6050000000,
    "cash": 2618000000,
    "inventory": 3040000000,
    "retained_earnings": 14332000000,
    "operating_cash_flow": 3865000000,
    "depreciation": 1079000000
  },
  "BKR": {
    "ticker": "BKR",
    "date": "2024-12-31",
    "revenue": 27829000000,
    "net_income": 2979000000,
    "operating_income": 3081000000,
    "ebit": 3081000000,
    "interest_expense": 198000000,
    "ebitda": 4599000000,
    "gross_profit": 5840000000,
    "total_assets": 38363000000,
    "total_liabilities": 21308000000,
    "total_equity": 16895000000,
    "total_debt": 6023000000,
    "current_assets": 17211000000,
    "current_liabilities": 12991000000,
    "cash": 3364000000,
    "inventory": 4954000000,
    "retained_earnings": -5840000000,
    "operating_cash_flow": 3332000000,
    "depreciation": 1136000000
  },
  "NOV": {
    "ticker": "NOV",
    "date": "2024-12-31",
    "revenue": 8865000000,
    "net_income": 635000000,
    "operating_income": 996000000,
    "ebit": 996000000,
    "interest_expense": 91000000,
    "ebitda": 1265000000,
    "gross_profit": 2130000000,
    "total_assets": 11361000000,
    "total_liabilities": 4933000000,
    "total_equity": 6376000000,
    "total_debt": 2386000000,
    "current_assets": 5770000000,
    "current_liabilities": 2347000000,
    "cash": 1230000000,
    "inventory": 1932000000,
    "retained_earnings": -628000000,
    "operating_cash_flow": 1304000000,
    "depreciation": 343000000
  },
  "CF": {
    "ticker": "CF",
    "date": "2024-12-31",
    "revenue": 5936000000,
    "net_income": 1218000000,
    "operating_income": 1746000000,
    "ebit": 1746000000,
    "interest_expense": 121000000,
    "ebitda": 2826000000,
    "gross_profit": 2056000000,
    "total_assets": 13466000000,
    "total_liabilities": 5874000000,
    "total_equity": 4985000000,
    "total_debt": 3246000000,
    "current_assets": 2520000000,
    "current_liabilities": 818000000,
    "cash": 1614000000,
    "inventory": 314000000,
    "retained_earnings": 4009000000,
    "operating_cash_flow": 2271000000,
    "depreciation": 925000000
  },
  "MOS": {
    "ticker": "MOS",
    "date": "2024-12-31",
    "revenue": 11122800000,
    "net_income": 174900000,
    "operating_income": 621500000,
    "ebit": 621500000,
    "interest_expense": 230000000,
    "ebitda": 1570900000,
    "gross_profit": 1511900000,
    "total_assets": 22924000000,
    "total_liabilities": 11309300000,
    "total_equity": 11482400000,
    "total_debt": 4449800000,
    "current_assets": 4498300000,
    "current_liabilities": 4171300000,
    "cash": 272800000,
    "inventory": 2548400000,
    "retained_earnings": 13926100000,
    "operating_cash_flow": 1299200000,
    "depreciation": 0
  },
  "FMC": {
    "ticker": "FMC",
    "date": "2024-12-31",
    "revenue": 4246100000,
    "net_income": 339900000,
    "operating_income": 654700000,
    "ebit": 654700000,
    "interest_expense": 235800000,
    "ebitda": 737400000,
    "gross_profit": 1577300000,
    "total_assets": 11653300000,
    "total_liabilities": 7144500000,
    "total_equity": 4487500000,
    "total_debt": 3495900000,
    "current_assets": 4958300000,
    "current_liabilities": 3019200000,
    "cash": 357300000,
    "inventory": 1201600000,
    "retained_earnings": 6637500000,
    "operating_cash_flow": 671100000,
    "depreciation": 169400000
  },
  "CTVA": {
    "ticker": "CTVA",
    "date": "2024-12-31",
    "revenue": 16908000000,
    "net_income": 907000000,
    "operating_income": 2096000000,
    "ebit": 2096000000,
    "interest_expense": 233000000,
    "ebitda": 2735000000,
    "gross_profit": 7379000000,
    "total_assets": 40825000000,
    "total_liabilities": 16795000000,
    "total_equity": 23789000000,
    "total_debt": 2703000000,
    "current_assets": 15097000000,
    "current_liabilities": 10386000000,
    "cash": 3106000000,
    "inventory": 5432000000,
    "retained_earnings": 55000000,
    "operating_cash_flow": 2145000000,
    "depreciation": 1227000000
  },
  "IP": {
    "ticker": "IP",
    "date": "2024-12-31",
    "revenue": 18619000000,
    "net_income": 557000000,
    "operating_income": 476000000,
    "ebit": 476000000,
    "interest_expense": 430000000,
    "ebitda": 1882000000,
    "gross_profit": 5243000000,
    "total_assets": 22800000000,
    "total_liabilities": 14627000000,
    "total_equity": 8173000000,
    "total_debt": 5853000000,
    "current_assets": 6424000000,
    "current_liabilities": 4258000000,
    "cash": 1170000000,
    "inventory": 1784000000,
    "retained_earnings": 9393000000,
    "operating_cash_flow": 1678000000,
    "depreciation": 1305000000
  },
  "PKG": {
    "ticker": "PKG",
    "date": "2024-12-31",
    "revenue": 8383300000,
    "net_income": 805100000,
    "operating_income": 1101300000,
    "ebit": 1101300000,
    "interest_expense": 41400000,
    "ebitda": 1631400000,
    "gross_profit": 1783100000,
    "total_assets": 8833200000,
    "total_liabilities": 4429200000,
    "total_equity": 4404000000,
    "total_debt": 2771500000,
    "current_assets": 3233000000,
    "current_liabilities": 1001600000,
    "cash": 685000000,
    "inventory": 1124900000,
    "retained_earnings": 3776700000,
    "operating_cash_flow": 1191200000,
    "depreciation": 525600000
  },
  "WRK": {
    "ticker": "WRK",
    "date": "2023-09-30",
    "revenue": 20310000000,
    "net_income": -1649000000,
    "operating_income": -1511500000,
    "ebit": -1511500000,
    "interest_expense": 535100000,
    "ebitda": 2738200000,
    "gross_profit": 3584500000,
    "total_assets": 27443700000,
    "total_liabilities": 17346000000,
    "total_equity": 10080700000,
    "total_debt": 9758600000,
    "current_assets": 6993100000,
    "current_liabilities": 4919400000,
    "cash": 393400000,
    "inventory": 2331500000,
    "retained_earnings": 278200000,
    "operating_cash_flow": 1827900000,
    "depreciation": 3825800000
  },
  "SEE": {
    "ticker": "SEE",
    "date": "2024-12-31",
    "revenue": 5392600000,
    "net_income": 264700000,
    "operating_income": 735900000,
    "ebit": 735900000,
    "interest_expense": 288000000,
    "ebitda": 987300000,
    "gross_profit": 1625100000,
    "total_assets": 7022100000,
    "total_liabilities": 6397600000,
    "total_equity": 624500000,
    "total_debt": 4508400000,
    "current_assets": 1891800000,
    "current_liabilities": 1635500000,
    "cash": 371800000,
    "inventory": 722200000,
    "retained_earnings": 643400000,
    "operating_cash_flow": 728000000,
    "depreciation": 240900000
  },
  "AVY": {
    "ticker": "AVY",
    "date": "2024-12-28",
    "revenue": 8755700000,
    "net_income": 704900000,
    "operating_income": 1127400000,
    "ebit": 1127400000,
    "interest_expense": 117000000,
    "ebitda": 1382700000,
    "gross_profit": 2527500000,
    "total_assets": 8404200000,
    "total_liabilities": 6086200000,
    "total_equity": 2312300000,
    "total_debt": 3152200000,
    "current_assets": 3078700000,
    "current_liabilities": 2862600000,
    "cash": 329100000,
    "inventory": 978100000,
    "retained_earnings": 5151200000,
    "operating_cash_flow": 938800000,
    "depreciation": 312200000
  },
  "BEN": {
    "ticker": "BEN",
    "date": "2025-09-30",
    "revenue": 8770700000,
    "net_income": 524900000,
    "operating_income": 604100000,
    "ebit": 604100000,
    "interest_expense": 94900000,
    "ebitda": 1413500000,
    "gross_profit": 7046700000,
    "total_assets": 32368300000,
    "total_liabilities": 18179500000,
    "total_equity": 12077800000,
    "total_debt": 13299900000,
    "current_assets": 5115600000,
    "current_liabilities": 1885900000,
    "cash": 3573900000,
    "inventory": 0,
    "retained_earnings": 11516000000,
    "operating_cash_flow": 1066099999,
    "depreciation": 531800000
  },
  "IVZ": {
    "ticker": "IVZ",
    "date": "2024-12-31",
    "revenue": 6067000000,
    "net_income": 774800000,
    "operating_income": 832100000,
    "ebit": 832100000,
    "interest_expense": 58000000,
    "ebitda": 1242900000,
    "gross_profit": 2027200000,
    "total_assets": 27008900000,
    "total_liabilities": 11340100000,
    "total_equity": 14559900000,
    "total_debt": 7546400000,
    "current_assets": 2609100000,
    "current_liabilities": 830400000,
    "cash": 1496000000,
    "inventory": 0,
    "retained_earnings": 6990400000,
    "operating_cash_flow": 1190000000,
    "depreciation": 179600000
  },
  "TROW": {
    "ticker": "TROW",
    "date": "2024-12-31",
    "revenue": 7093600000,
    "net_income": 2100100000,
    "operating_income": 2333300000,
    "ebit": 2333300000,
    "interest_expense": 0,
    "ebitda": 2980800000,
    "gross_profit": 3684100000,
    "total_assets": 13472000000,
    "total_liabilities": 2021900000,
    "total_equity": 10345400000,
    "total_debt": 278700000,
    "current_assets": 3527200000,
    "current_liabilities": 440600000,
    "cash": 2649800000,
    "inventory": 0,
    "retained_earnings": 10040600000,
    "operating_cash_flow": 1685600000,
    "depreciation": 504200000
  },
  "NTRS": {
    "ticker": "NTRS",
    "date": "2024-12-31",
    "revenue": 15875600000,
    "net_income": 2031100000,
    "operating_income": 2659500000,
    "ebit": 2659500000,
    "interest_expense": 7585200000,
    "ebitda": 3376300000,
    "gross_profit": 8293400000,
    "total_assets": 155508400000,
    "total_liabilities": 142720000000,
    "total_equity": 12788400000,
    "total_debt": 15993500000,
    "current_assets": 56582400000,
    "current_liabilities": 125104200000,
    "cash": 45397300000,
    "inventory": 0,
    "retained_earnings": 15614700000,
    "operating_cash_flow": -486000000,
    "depreciation": 716800000
  },
  "STT": {
    "ticker": "STT",
    "date": "2024-12-31",
    "revenue": 21973000000,
    "net_income": 2687000000,
    "operating_income": 3395000000,
    "ebit": 3395000000,
    "interest_expense": 9054000000,
    "ebitda": 4000000000,
    "gross_profit": 12844000000,
    "total_assets": 353240000000,
    "total_liabilities": 327914000000,
    "total_equity": 25326000000,
    "total_debt": 36793000000,
    "current_assets": 140027000000,
    "current_liabilities": 275441000000,
    "cash": 116102000000,
    "inventory": 0,
    "retained_earnings": 29582000000,
    "operating_cash_flow": -13210000000,
    "depreciation": 605000000
  },
  "BK": {
    "ticker": "BK",
    "date": "2024-12-31",
    "revenue": 39553000000,
    "net_income": 4530000000,
    "operating_income": 5848000000,
    "ebit": 5848000000,
    "interest_expense": 21295000000,
    "ebitda": 7651000000,
    "gross_profit": 18188000000,
    "total_assets": 416064000000,
    "total_liabilities": 374300000000,
    "total_equity": 41318000000,
    "total_debt": 45444000000,
    "current_assets": 210463000000,
    "current_liabilities": 325963000000,
    "cash": 101937000000,
    "inventory": 0,
    "retained_earnings": 42537000000,
    "operating_cash_flow": 687000000,
    "depreciation": 1803000000
  },
  "CMA": {
    "ticker": "CMA",
    "date": "2024-12-31",
    "revenue": 4993000000,
    "net_income": 698000000,
    "operating_income": 888000000,
    "ebit": 888000000,
    "interest_expense": 1749000000,
    "ebitda": 984000000,
    "gross_profit": 3195000000,
    "total_assets": 79297000000,
    "total_liabilities": 72754000000,
    "total_equity": 6543000000,
    "total_debt": 6673000000,
    "current_assets": 14888000000,
    "current_liabilities": 63811000000,
    "cash": 6804000000,
    "inventory": 0,
    "retained_earnings": 12017000000,
    "operating_cash_flow": 601000000,
    "depreciation": 96000000
  },
  "ZION": {
    "ticker": "ZION",
    "date": "2024-12-31",
    "revenue": 4993000000,
    "net_income": 784000000,
    "operating_income": 1012000000,
    "ebit": 1012000000,
    "interest_expense": 1863000000,
    "ebitda": 1136000000,
    "gross_profit": 3058000000,
    "total_assets": 88775000000,
    "total_liabilities": 82651000000,
    "total_equity": 6124000000,
    "total_debt": 4367000000,
    "current_assets": 13007000000,
    "current_liabilities": 79640000000,
    "cash": 3501000000,
    "inventory": 0,
    "retained_earnings": 6701000000,
    "operating_cash_flow": 1148000000,
    "depreciation": 124000000
  },
  "FRC": {
    "ticker": "FRC",
    "date": "2022-12-31",
    "revenue": 5773000000,
    "net_income": 1665000000,
    "operating_income": 3029000000,
    "ebit": 3029000000,
    "interest_expense": 888000000,
    "ebitda": 3221000000,
    "gross_profit": 5773000000,
    "total_assets": 212639000000,
    "total_liabilities": 195193000000,
    "total_equity": 17446000000,
    "total_debt": 15279000000,
    "current_assets": 5331000000,
    "current_liabilities": 6700000000,
    "cash": 4283000000,
    "inventory": -5014000000,
    "retained_earnings": 7886000000,
    "operating_cash_flow": 252000000,
    "depreciation": 192000000
  },
  "SBNY": {
    "ticker": "SBNY",
    "date": "2022-12-31",
    "revenue": 3711374000,
    "net_income": 1337049000,
    "operating_income": 1755404000,
    "ebit": 1755404000,
    "interest_expense": 1015003000,
    "ebitda": 1778728000,
    "gross_profit": 2617601000,
    "total_assets": 110363651000,
    "total_liabilities": 102350550000,
    "total_equity": 8013101000,
    "total_debt": 12286943000,
    "current_assets": 24998514000,
    "current_liabilities": 90213607000,
    "cash": 5954643000,
    "inventory": 0,
    "retained_earnings": 5457886000,
    "operating_cash_flow": 945677000,
    "depreciation": 23324000
  },
  "WAL": {
    "ticker": "WAL",
    "date": "2024-12-31",
    "revenue": 5016200000,
    "net_income": 787700000,
    "operating_income": 991200000,
    "ebit": 991200000,
    "interest_expense": 1922200000,
    "ebitda": 1109700000,
    "gross_profit": 2948100000,
    "total_assets": 80934000000,
    "total_liabilities": 74227000000,
    "total_equity": 6707000000,
    "total_debt": 6631000000,
    "current_assets": 8533000000,
    "current_liabilities": 69492000000,
    "cash": 4096000000,
    "inventory": 0,
    "retained_earnings": 4826000000,
    "operating_cash_flow": -2742000000,
    "depreciation": 118500000
  },
  "PACW": {
    "ticker": "PACW",
    "date": "2022-12-31",
    "revenue": 1285744000,
    "net_income": 423613000,
    "operating_income": 833295000,
    "ebit": 833295000,
    "interest_expense": 265727000,
    "ebitda": 882529000,
    "gross_profit": 1285744000,
    "total_assets": 41228936000,
    "total_liabilities": 37278405000,
    "total_equity": 3950531000,
    "total_debt": 4145147000,
    "current_assets": 5055760000,
    "current_liabilities": 2224984000,
    "cash": 2240222000,
    "inventory": -395867000,
    "retained_earnings": 1420624000,
    "operating_cash_flow": 701972000,
    "depreciation": 97399000
  },
  "KMI": {
    "ticker": "KMI",
    "date": "2024-12-31",
    "revenue": 15073000000,
    "net_income": 2613000000,
    "operating_income": 4383000000,
    "ebit": 4383000000,
    "interest_expense": 1866000000,
    "ebitda": 7627000000,
    "gross_profit": 5528000000,
    "total_assets": 71407000000,
    "total_liabilities": 39540000000,
    "total_equity": 30531000000,
    "total_debt": 31669000000,
    "current_assets": 2521000000,
    "current_liabilities": 5101000000,
    "cash": 88000000,
    "inventory": 555000000,
    "retained_earnings": -10633000000,
    "operating_cash_flow": 5635000000,
    "depreciation": 2354000000
  },
  "WMB": {
    "ticker": "WMB",
    "date": "2024-12-31",
    "revenue": 10503000000,
    "net_income": 2225000000,
    "operating_income": 3339000000,
    "ebit": 3339000000,
    "interest_expense": 1364000000,
    "ebitda": 6569000000,
    "gross_profit": 6166000000,
    "total_assets": 54532000000,
    "total_liabilities": 39692000000,
    "total_equity": 12436000000,
    "total_debt": 27079000000,
    "current_assets": 2661000000,
    "current_liabilities": 5312000000,
    "cash": 60000000,
    "inventory": 279000000,
    "retained_earnings": -12396000000,
    "operating_cash_flow": 4974000000,
    "depreciation": 2219000000
  },
  "OKE": {
    "ticker": "OKE",
    "date": "2024-12-31",
    "revenue": 21638000000,
    "net_income": 3035000000,
    "operating_income": 5021000000,
    "ebit": 5021000000,
    "interest_expense": 1351000000,
    "ebitda": 6595000000,
    "gross_profit": 5050000000,
    "total_assets": 64069000000,
    "total_liabilities": 41936000000,
    "total_equity": 17036000000,
    "total_debt": 32293000000,
    "current_assets": 4238000000,
    "current_liabilities": 4719000000,
    "cash": 733000000,
    "inventory": 748000000,
    "retained_earnings": 1579000000,
    "operating_cash_flow": 4888000000,
    "depreciation": 1134000000
  },
  "TRGP": {
    "ticker": "TRGP",
    "date": "2024-12-31",
    "revenue": 16626900000,
    "net_income": 1269500000,
    "operating_income": 2943900000,
    "ebit": 2943900000,
    "interest_expense": 767200000,
    "ebitda": 4138800000,
    "gross_profit": 3325300000,
    "total_assets": 22734100000,
    "total_liabilities": 18315900000,
    "total_equity": 2592400000,
    "total_debt": 14265000000,
    "current_assets": 2296300000,
    "current_liabilities": 3172600000,
    "cash": 157300000,
    "inventory": 334300000,
    "retained_earnings": 1190000000,
    "operating_cash_flow": 3649700000,
    "depreciation": 1423000000
  },
  "ET": {
    "ticker": "ET",
    "date": "2024-12-31",
    "revenue": 82671000000,
    "net_income": 4814000000,
    "operating_income": 9138000000,
    "ebit": 9138000000,
    "interest_expense": 3125000000,
    "ebitda": 15396000000,
    "gross_profit": 15692000000,
    "total_assets": 125380000000,
    "total_liabilities": 78946000000,
    "total_equity": 35120000000,
    "total_debt": 60558000000,
    "current_assets": 14202000000,
    "current_liabilities": 12656000000,
    "cash": 312000000,
    "inventory": 3070000000,
    "retained_earnings": 0,
    "operating_cash_flow": 11506000000,
    "depreciation": 0
  },
  "EPD": {
    "ticker": "EPD",
    "date": "2024-12-31",
    "revenue": 56219000000,
    "net_income": 5901000000,
    "operating_income": 7338000000,
    "ebit": 7338000000,
    "interest_expense": 1358000000,
    "ebitda": 9587000000,
    "gross_profit": 7224000000,
    "total_assets": 77168000000,
    "total_liabilities": 47579000000,
    "total_equity": 28732000000,
    "total_debt": 32262000000,
    "current_assets": 15133000000,
    "current_liabilities": 15177000000,
    "cash": 583000000,
    "inventory": 3955000000,
    "retained_earnings": 0,
    "operating_cash_flow": 8115000000,
    "depreciation": 2194000000
  },
  "MPC": {
    "ticker": "MPC",
    "date": "2024-12-31",
    "revenue": 138864000000,
    "net_income": 3445000000,
    "operating_income": 5248000000,
    "ebit": 5248000000,
    "interest_expense": 1344000000,
    "ebitda": 10602000000,
    "gross_profit": 9287000000,
    "total_assets": 78858000000,
    "total_liabilities": 54352000000,
    "total_equity": 17745000000,
    "total_debt": 28758000000,
    "current_assets": 24447000000,
    "current_liabilities": 20827000000,
    "cash": 3210000000,
    "inventory": 9568000000,
    "retained_earnings": 36848000000,
    "operating_cash_flow": 8665000000,
    "depreciation": 3337000000
  },
  "UAL": {
    "ticker": "UAL",
    "date": "2024-12-31",
    "revenue": 57063000000,
    "net_income": 3149000000,
    "operating_income": 5096000000,
    "ebit": 5096000000,
    "interest_expense": 1402000000,
    "ebitda": 8498000000,
    "gross_profit": 19420000000,
    "total_assets": 74083000000,
    "total_liabilities": 61408000000,
    "total_equity": 12675000000,
    "total_debt": 33633000000,
    "current_assets": 18883000000,
    "current_liabilities": 23314000000,
    "cash": 8769000000,
    "inventory": 1572000000,
    "retained_earnings": 6880000000,
    "operating_cash_flow": 9445000000,
    "depreciation": 2928000000
  },
  "RCL": {
    "ticker": "RCL",
    "date": "2024-12-31",
    "revenue": 16485000000,
    "net_income": 2877000000,
    "operating_income": 4106000000,
    "ebit": 4106000000,
    "interest_expense": 1590000000,
    "ebitda": 6087000000,
    "gross_profit": 7833000000,
    "total_assets": 37070000000,
    "total_liabilities": 29335000000,
    "total_equity": 7563000000,
    "total_debt": 20820000000,
    "current_assets": 1705000000,
    "current_liabilities": 9817000000,
    "cash": 388000000,
    "inventory": 265000000,
    "retained_earnings": 2612000000,
    "operating_cash_flow": 5265000000,
    "depreciation": 1600000000
  },
  "NCLH": {
    "ticker": "NCLH",
    "date": "2024-12-31",
    "revenue": 9479651000,
    "net_income": 910257000,
    "operating_income": 1465906000,
    "ebit": 1465906000,
    "interest_expense": 747223000,
    "ebitda": 2493642000,
    "gross_profit": 3790955000,
    "total_assets": 19969811000,
    "total_liabilities": 18544372000,
    "total_equity": 1425439000,
    "total_debt": 13916472000,
    "current_assets": 1010104000,
    "current_liabilities": 5780865000,
    "cash": 190765000,
    "inventory": 149718000,
    "retained_earnings": -5989880000,
    "operating_cash_flow": 2049823000,
    "depreciation": 973512000
  },
  "CCL": {
    "ticker": "CCL",
    "date": "2025-11-30",
    "revenue": 26622000000,
    "net_income": 2760000000,
    "operating_income": 4483000000,
    "ebit": 4483000000,
    "interest_expense": 1349000000,
    "ebitda": 6911000000,
    "gross_profit": 7885000000,
    "total_assets": 51687000000,
    "total_liabilities": 39404000000,
    "total_equity": 12284000000,
    "total_debt": 27993000000,
    "current_assets": 4219000000,
    "current_liabilities": 13092000000,
    "cash": 1928000000,
    "inventory": 505000000,
    "retained_earnings": 4817000000,
    "operating_cash_flow": 5923000000,
    "depreciation": 2557000000
  },
  "AAL": {
    "ticker": "AAL",
    "date": "2024-12-31",
    "revenue": 54211000000,
    "net_income": 846000000,
    "operating_income": 3257000000,
    "ebit": 3257000000,
    "interest_expense": 1934000000,
    "ebitda": 5014000000,
    "gross_profit": 11498000000,
    "total_assets": 61783000000,
    "total_liabilities": 65760000000,
    "total_equity": -3977000000,
    "total_debt": 37544000000,
    "current_assets": 13154000000,
    "current_liabilities": 24295000000,
    "cash": 804000000,
    "inventory": 2638000000,
    "retained_earnings": -6843000000,
    "operating_cash_flow": 3983000000,
    "depreciation": 1926000000
  },
  "SAVE": {
    "ticker": "SAVE",
    "date": "2024-12-31",
    "revenue": 4913421000,
    "net_income": -1229495000,
    "operating_income": -1105378000,
    "ebit": -1105378000,
    "interest_expense": 219094000,
    "ebitda": -745336000,
    "gross_profit": 2013683000,
    "total_assets": 9595178000,
    "total_liabilities": 9675312000,
    "total_equity": -80134000,
    "total_debt": 2455543000,
    "current_assets": 2109122000,
    "current_liabilities": 1769365000,
    "cash": 902057000,
    "inventory": 0,
    "retained_earnings": -1172740000,
    "operating_cash_flow": -758087000,
    "depreciation": 13100000
  },
  "ALK": {
    "ticker": "ALK",
    "date": "2024-12-31",
    "revenue": 11735000000,
    "net_income": 395000000,
    "operating_income": 570000000,
    "ebit": 570000000,
    "interest_expense": 142000000,
    "ebitda": 1425000000,
    "gross_profit": 2861000000,
    "total_assets": 19768000000,
    "total_liabilities": 15396000000,
    "total_equity": 4372000000,
    "total_debt": 6393000000,
    "current_assets": 3760000000,
    "current_liabilities": 6145000000,
    "cash": 1201000000,
    "inventory": 199000000,
    "retained_earnings": 4930000000,
    "operating_cash_flow": 1464000000,
    "depreciation": 583000000
  },
  "JBLU": {
    "ticker": "JBLU",
    "date": "2024-12-31",
    "revenue": 9279000000,
    "net_income": -795000000,
    "operating_income": -684000000,
    "ebit": -684000000,
    "interest_expense": 350000000,
    "ebitda": 490000000,
    "gross_profit": 2294000000,
    "total_assets": 16841000000,
    "total_liabilities": 14200000000,
    "total_equity": 2641000000,
    "total_debt": 9142000000,
    "current_assets": 4258000000,
    "current_liabilities": 3881000000,
    "cash": 1921000000,
    "inventory": 158000000,
    "retained_earnings": 1319000000,
    "operating_cash_flow": 144000000,
    "depreciation": 655000000
  },
  "HA": {
    "ticker": "HA",
    "date": "2023-12-31",
    "revenue": 2716284000,
    "net_income": -260494000,
    "operating_income": -283114000,
    "ebit": -283114000,
    "interest_expense": 81707000,
    "ebitda": -112472000,
    "gross_profit": 18084000,
    "total_assets": 4168018000,
    "total_liabilities": 4072593000,
    "total_equity": 95425000,
    "total_debt": 2037629000,
    "current_assets": 1170940000,
    "current_liabilities": 1145401000,
    "cash": 170523000,
    "inventory": 60115000,
    "retained_earnings": -119738000,
    "operating_cash_flow": -160005000,
    "depreciation": 133615000
  },
  "DISH": {
    "ticker": "DISH",
    "date": "2024-12-31",
    "revenue": 14292658000,
    "net_income": -66430000,
    "operating_income": -179625000,
    "ebit": -179625000,
    "interest_expense": 690222000,
    "ebitda": 725859000,
    "gross_profit": 4651423000,
    "total_assets": 44194509000,
    "total_liabilities": 38510835000,
    "total_equity": 5239598000,
    "total_debt": 52121670000,
    "current_assets": 2479266000,
    "current_liabilities": 5407411000,
    "cash": 626973000,
    "inventory": 303328000,
    "retained_earnings": -193030000,
    "operating_cash_flow": 745113000,
    "depreciation": 1472204000
  },
  "LUMN": {
    "ticker": "LUMN",
    "date": "2024-12-31",
    "revenue": 13108000000,
    "net_income": -55000000,
    "operating_income": 460000000,
    "ebit": 460000000,
    "interest_expense": 1372000000,
    "ebitda": 4098000000,
    "gross_profit": 6405000000,
    "total_assets": 33496000000,
    "total_liabilities": 33032000000,
    "total_equity": 464000000,
    "total_debt": 19118000000,
    "current_assets": 4394000000,
    "current_liabilities": 3639000000,
    "cash": 1889000000,
    "inventory": 146000000,
    "retained_earnings": -17962000000,
    "operating_cash_flow": 4333000000,
    "depreciation": 2956000000
  },
  "PARA": {
    "ticker": "PARA",
    "date": "2024-12-31",
    "revenue": 29213000000,
    "net_income": -6190000000,
    "operating_income": -5269000000,
    "ebit": -5269000000,
    "interest_expense": 860000000,
    "ebitda": -4925000000,
    "gross_profit": 8658000000,
    "total_assets": 46172000000,
    "total_liabilities": 29390000000,
    "total_equity": 16320000000,
    "total_debt": 15549000000,
    "current_assets": 12542000000,
    "current_liabilities": 9631000000,
    "cash": 2661000000,
    "inventory": 1429000000,
    "retained_earnings": 7487000000,
    "operating_cash_flow": 752000000,
    "depreciation": 392000000
  },
  "WBD": {
    "ticker": "WBD",
    "date": "2024-12-31",
    "revenue": 39321000000,
    "net_income": -11311000000,
    "operating_income": -10032000000,
    "ebit": -10032000000,
    "interest_expense": 2017000000,
    "ebitda": 11612000000,
    "gross_profit": 16351000000,
    "total_assets": 104560000000,
    "total_liabilities": 69622000000,
    "total_equity": 34037000000,
    "total_debt": 39505000000,
    "current_assets": 14078000000,
    "current_liabilities": 15810000000,
    "cash": 5312000000,
    "inventory": 0,
    "retained_earnings": -12239000000,
    "operating_cash_flow": 5375000000,
    "depreciation": 20983000000
  },
  "FOX": {
    "ticker": "FOX",
    "date": "2025-06-30",
    "revenue": 16300000000,
    "net_income": 2263000000,
    "operating_income": 3229000000,
    "ebit": 3229000000,
    "interest_expense": 403000000,
    "ebitda": 3849000000,
    "gross_profit": 5397000000,
    "total_assets": 23195000000,
    "total_liabilities": 10840000000,
    "total_equity": 11962000000,
    "total_debt": 7465000000,
    "current_assets": 8429000000,
    "current_liabilities": 2897000000,
    "cash": 5351000000,
    "inventory": 432000000,
    "retained_earnings": 4479000000,
    "operating_cash_flow": 3324000000,
    "depreciation": 385000000
  },
  "FOXA": {
    "ticker": "FOXA",
    "date": "2025-06-30",
    "revenue": 16300000000,
    "net_income": 2263000000,
    "operating_income": 3229000000,
    "ebit": 3229000000,
    "interest_expense": 403000000,
    "ebitda": 3849000000,
    "gross_profit": 5397000000,
    "total_assets": 23195000000,
    "total_liabilities": 10840000000,
    "total_equity": 11962000000,
    "total_debt": 7465000000,
    "current_assets": 8429000000,
    "current_liabilities": 2897000000,
    "cash": 5351000000,
    "inventory": 432000000,
    "retained_earnings": 4479000000,
    "operating_cash_flow": 3324000000,
    "depreciation": 385000000
  },
  "LYV": {
    "ticker": "LYV",
    "date": "2024-12-31",
    "revenue": 23155625000,
    "net_income": 896287000,
    "operating_income": 824510000,
    "ebit": 824510000,
    "interest_expense": 325974000,
    "ebitda": 1615323000,
    "gross_profit": 5827471000,
    "total_assets": 19638771000,
    "total_liabilities": 17693476000,
    "total_equity": 173263000,
    "total_debt": 8271741000,
    "current_assets": 9290137000,
    "current_liabilities": 9358279000,
    "cash": 6095424000,
    "inventory": 50145000,
    "retained_earnings": -1546819000,
    "operating_cash_flow": 1725175000,
    "depreciation": 549923000
  },
  "CHTR": {
    "ticker": "CHTR",
    "date": "2024-12-31",
    "revenue": 55085000000,
    "net_income": 5083000000,
    "operating_income": 13245000000,
    "ebit": 13245000000,
    "interest_expense": 5229000000,
    "ebitda": 21404000000,
    "gross_profit": 25325000000,
    "total_assets": 150020000000,
    "total_liabilities": 130313000000,
    "total_equity": 15587000000,
    "total_debt": 95763000000,
    "current_assets": 4233000000,
    "current_liabilities": 13486000000,
    "cash": 459000000,
    "inventory": 0,
    "retained_earnings": -7750000000,
    "operating_cash_flow": 14430000000,
    "depreciation": 8673000000
  },
  "LBRDK": {
    "ticker": "LBRDK",
    "date": "2024-12-31",
    "revenue": 1016000000,
    "net_income": 869000000,
    "operating_income": 92000000,
    "ebit": 92000000,
    "interest_expense": 194000000,
    "ebitda": 299000000,
    "gross_profit": 759000000,
    "total_assets": 16687000000,
    "total_liabilities": 6879000000,
    "total_equity": 9793000000,
    "total_debt": 3828000000,
    "current_assets": 423000000,
    "current_liabilities": 200000000,
    "cash": 163000000,
    "inventory": 0,
    "retained_earnings": 6712000000,
    "operating_cash_flow": 104000000,
    "depreciation": 207000000
  },
  "SIRI": {
    "ticker": "SIRI",
    "date": "2024-12-31",
    "revenue": 8699000000,
    "net_income": -1665000000,
    "operating_income": -1517000000,
    "ebit": -1517000000,
    "interest_expense": 496000000,
    "ebitda": -747000000,
    "gross_profit": 4201000000,
    "total_assets": 27521000000,
    "total_liabilities": 16447000000,
    "total_equity": 11074000000,
    "total_debt": 10423000000,
    "current_assets": 1149000000,
    "current_liabilities": 2731000000,
    "cash": 162000000,
    "inventory": 0,
    "retained_earnings": 11121000000,
    "operating_cash_flow": 1741000000,
    "depreciation": 622000000
  },
  "PK": {
    "ticker": "PK",
    "date": "2024-12-31",
    "revenue": 2599000000,
    "net_income": 212000000,
    "operating_income": 391000000,
    "ebit": 391000000,
    "interest_expense": 274000000,
    "ebitda": 696000000,
    "gross_profit": 745000000,
    "total_assets": 9161000000,
    "total_liabilities": 5567000000,
    "total_equity": 3645000000,
    "total_debt": 4791000000,
    "current_assets": 1460000000,
    "current_liabilities": 597000000,
    "cash": 402000000,
    "inventory": 0,
    "retained_earnings": -420000000,
    "operating_cash_flow": 429000000,
    "depreciation": 257000000
  },
  "RHP": {
    "ticker": "RHP",
    "date": "2024-12-31",
    "revenue": 2339501000,
    "net_income": 271638000,
    "operating_income": 490834000,
    "ebit": 490834000,
    "interest_expense": 225395000,
    "ebitda": 725641000,
    "gross_profit": 844302000,
    "total_assets": 5217573000,
    "total_liabilities": 4282991000,
    "total_equity": 548980000,
    "total_debt": 3513513000,
    "current_assets": 805999000,
    "current_liabilities": 538015000,
    "cash": 477694000,
    "inventory": 16134000,
    "retained_earnings": -888132000,
    "operating_cash_flow": 576506000,
    "depreciation": 235626000
  },
  "HST": {
    "ticker": "HST",
    "date": "2024-12-31",
    "revenue": 5684000000,
    "net_income": 697000000,
    "operating_income": 875000000,
    "ebit": 875000000,
    "interest_expense": 215000000,
    "ebitda": 1698000000,
    "gross_profit": 3033000000,
    "total_assets": 13048000000,
    "total_liabilities": 6271000000,
    "total_equity": 6609000000,
    "total_debt": 5643000000,
    "current_assets": 911000000,
    "current_liabilities": 1397000000,
    "cash": 554000000,
    "inventory": 0,
    "retained_earnings": -777000000,
    "operating_cash_flow": 1498000000,
    "depreciation": 762000000
  },
  "SHO": {
    "ticker": "SHO",
    "date": "2024-12-31",
    "revenue": 905809000,
    "net_income": 43262000,
    "operating_income": 78592000,
    "ebit": 78592000,
    "interest_expense": 47618000,
    "ebitda": 214287000,
    "gross_profit": 421738000,
    "total_assets": 3106639000,
    "total_liabilities": 1002619000,
    "total_equity": 2104020000,
    "total_debt": 853066000,
    "current_assets": 235371000,
    "current_liabilities": 94653000,
    "cash": 107199000,
    "inventory": 10497000,
    "retained_earnings": -574940000,
    "operating_cash_flow": 170376000,
    "depreciation": 124507000
  },
  "RLJ": {
    "ticker": "RLJ",
    "date": "2024-12-31",
    "revenue": 1369440000,
    "net_income": 68021000,
    "operating_income": 150220000,
    "ebit": 150220000,
    "interest_expense": 104735000,
    "ebitda": 359463000,
    "gross_profit": 384455000,
    "total_assets": 4883879000,
    "total_liabilities": 2585602000,
    "total_equity": 2284558000,
    "total_debt": 2339183000,
    "current_assets": 497787000,
    "current_liabilities": 246419000,
    "cash": 409809000,
    "inventory": 0,
    "retained_earnings": -1090186000,
    "operating_cash_flow": 285419000,
    "depreciation": 184938000
  },
  "XRX": {
    "ticker": "XRX",
    "date": "2024-12-31",
    "revenue": 6221000000,
    "net_income": -1321000000,
    "operating_income": 159000000,
    "ebit": 159000000,
    "interest_expense": 119000000,
    "ebitda": -822000000,
    "gross_profit": 1960000000,
    "total_assets": 8365000000,
    "total_liabilities": 7061000000,
    "total_equity": 1290000000,
    "total_debt": 3588000000,
    "current_assets": 2935000000,
    "current_liabilities": 2619000000,
    "cash": 576000000,
    "inventory": 695000000,
    "retained_earnings": 3514000000,
    "operating_cash_flow": 511000000,
    "depreciation": 274000000
  },
  "LSCC": {
    "ticker": "LSCC",
    "date": "2024-12-28",
    "revenue": 509401000,
    "net_income": 61131000,
    "operating_income": 34457000,
    "ebit": 34457000,
    "interest_expense": 266000,
    "ebitda": 106944000,
    "gross_profit": 340400000,
    "total_assets": 843903000,
    "total_liabilities": 132971000,
    "total_equity": 710932000,
    "total_debt": 15251000,
    "current_assets": 364834000,
    "current_liabilities": 99622000,
    "cash": 136291000,
    "inventory": 103410000,
    "retained_earnings": 209098000,
    "operating_cash_flow": 140876000,
    "depreciation": 46267000
  },
  "WOLF": {
    "ticker": "WOLF",
    "date": "2025-06-30",
    "revenue": 757600000,
    "net_income": -1609200000,
    "operating_income": -1329200000,
    "ebit": -1329200000,
    "interest_expense": 315200000,
    "ebitda": -1051600000,
    "gross_profit": -121600000,
    "total_assets": 6854400000,
    "total_liabilities": 7301500000,
    "total_equity": -447100000,
    "total_debt": 6546900000,
    "current_assets": 2542200000,
    "current_liabilities": 7090000000,
    "cash": 467200000,
    "inventory": 451200000,
    "retained_earnings": -4537600000,
    "operating_cash_flow": -711700000,
    "depreciation": 252100000
  },
  "HWM": {
    "ticker": "HWM",
    "date": "2024-12-31",
    "revenue": 7430000000,
    "net_income": 1155000000,
    "operating_income": 1672000000,
    "ebit": 1672000000,
    "interest_expense": 182000000,
    "ebitda": 1842000000,
    "gross_profit": 2052000000,
    "total_assets": 10519000000,
    "total_liabilities": 5965000000,
    "total_equity": 4554000000,
    "total_debt": 3471000000,
    "current_assets": 3362000000,
    "current_liabilities": 1549000000,
    "cash": 564000000,
    "inventory": 1840000000,
    "retained_earnings": 2766000000,
    "operating_cash_flow": 1298000000,
    "depreciation": 277000000
  },
  "TDG": {
    "ticker": "TDG",
    "date": "2025-09-30",
    "revenue": 8831000000,
    "net_income": 2074000000,
    "operating_income": 4165000000,
    "ebit": 4165000000,
    "interest_expense": 1572000000,
    "ebitda": 4568000000,
    "gross_profit": 5311000000,
    "total_assets": 22909000000,
    "total_liabilities": 32588000000,
    "total_equity": -9686000000,
    "total_debt": 30030000000,
    "current_assets": 7012000000,
    "current_liabilities": 2182000000,
    "cash": 2808000000,
    "inventory": 2095000000,
    "retained_earnings": -10606000000,
    "operating_cash_flow": 2038000000,
    "depreciation": 367000000
  },
  "SPR": {
    "ticker": "SPR",
    "date": "2024-12-31",
    "revenue": 6316600000,
    "net_income": -2139800000,
    "operating_income": -1786100000,
    "ebit": -1786100000,
    "interest_expense": 353500000,
    "ebitda": -1482700000,
    "gross_profit": -1372400000,
    "total_assets": 6762800000,
    "total_liabilities": 9378800000,
    "total_equity": -2621500000,
    "total_debt": 5378000000,
    "current_assets": 3760500000,
    "current_liabilities": 3567400000,
    "cash": 537000000,
    "inventory": 1891700000,
    "retained_earnings": -1523500000,
    "operating_cash_flow": -1120900000,
    "depreciation": 305400000
  },
  "TXT": {
    "ticker": "TXT",
    "date": "2024-12-28",
    "revenue": 13702000000,
    "net_income": 824000000,
    "operating_income": 855000000,
    "ebit": 855000000,
    "interest_expense": 97000000,
    "ebitda": 1422000000,
    "gross_profit": 2502000000,
    "total_assets": 16838000000,
    "total_liabilities": 9634000000,
    "total_equity": 7204000000,
    "total_debt": 3588000000,
    "current_assets": 7751000000,
    "current_liabilities": 4394000000,
    "cash": 1441000000,
    "inventory": 4071000000,
    "retained_earnings": 5607000000,
    "operating_cash_flow": 1266000000,
    "depreciation": 392000000
  },
  "OSK": {
    "ticker": "OSK",
    "date": "2024-12-31",
    "revenue": 10730200000,
    "net_income": 681400000,
    "operating_income": 1010700000,
    "ebit": 1010700000,
    "interest_expense": 119500000,
    "ebitda": 1222600000,
    "gross_profit": 1969400000,
    "total_assets": 9423100000,
    "total_liabilities": 5271000000,
    "total_equity": 4152100000,
    "total_debt": 961800000,
    "current_assets": 4527500000,
    "current_liabilities": 2987300000,
    "cash": 204900000,
    "inventory": 2265700000,
    "retained_earnings": 4367200000,
    "operating_cash_flow": 550100000,
    "depreciation": 200100000
  },
  "BWA": {
    "ticker": "BWA",
    "date": "2024-12-31",
    "revenue": 14083000000,
    "net_income": 338000000,
    "operating_income": 1259000000,
    "ebit": 1259000000,
    "interest_expense": 84000000,
    "ebitda": 1319000000,
    "gross_profit": 2612000000,
    "total_assets": 13993000000,
    "total_liabilities": 8287000000,
    "total_equity": 5532000000,
    "total_debt": 4343000000,
    "current_assets": 6521000000,
    "current_liabilities": 3646000000,
    "cash": 2094000000,
    "inventory": 1251000000,
    "retained_earnings": 6412000000,
    "operating_cash_flow": 1352000000,
    "depreciation": 673000000
  },
  "APTV": {
    "ticker": "APTV",
    "date": "2024-12-31",
    "revenue": 19713000000,
    "net_income": 1787000000,
    "operating_income": 2062000000,
    "ebit": 2062000000,
    "interest_expense": 337000000,
    "ebitda": 3452000000,
    "gross_profit": 3527000000,
    "total_assets": 23458000000,
    "total_liabilities": 14373000000,
    "total_equity": 8796000000,
    "total_debt": 8888000000,
    "current_assets": 7826000000,
    "current_liabilities": 5131000000,
    "cash": 1573000000,
    "inventory": 2320000000,
    "retained_earnings": 7002000000,
    "operating_cash_flow": 2446000000,
    "depreciation": 964000000
  },
  "LEA": {
    "ticker": "LEA",
    "date": "2024-12-31",
    "revenue": 23301900000,
    "net_income": 506600000,
    "operating_income": 944900000,
    "ebit": 944900000,
    "interest_expense": 103800000,
    "ebitda": 1457400000,
    "gross_profit": 1843800000,
    "total_assets": 14027500000,
    "total_liabilities": 9426500000,
    "total_equity": 4451700000,
    "total_debt": 3497300000,
    "current_assets": 7184100000,
    "current_liabilities": 5447000000,
    "cash": 1053700000,
    "inventory": 1601100000,
    "retained_earnings": 5931000000,
    "operating_cash_flow": 1120100000,
    "depreciation": 620700000
  },
  "MGA": {
    "ticker": "MGA",
    "date": "2024-12-31",
    "revenue": 42836000000,
    "net_income": 1009000000,
    "operating_income": 2116000000,
    "ebit": 2116000000,
    "interest_expense": 309000000,
    "ebitda": 3779000000,
    "gross_profit": 5799000000,
    "total_assets": 31039000000,
    "total_liabilities": 19099000000,
    "total_equity": 11522000000,
    "total_debt": 7068000000,
    "current_assets": 13118000000,
    "current_liabilities": 12097000000,
    "cash": 1247000000,
    "inventory": 4151000000,
    "retained_earnings": 9598000000,
    "operating_cash_flow": 3634000000,
    "depreciation": 1928000000
  },
  "VC": {
    "ticker": "VC",
    "date": "2024-12-31",
    "revenue": 3866000000,
    "net_income": 274000000,
    "operating_income": 133000000,
    "ebit": 133000000,
    "interest_expense": 15000000,
    "ebitda": 409000000,
    "gross_profit": 531000000,
    "total_assets": 2862000000,
    "total_liabilities": 1552000000,
    "total_equity": 1229000000,
    "total_debt": 426000000,
    "current_assets": 1596000000,
    "current_liabilities": 916000000,
    "cash": 623000000,
    "inventory": 283000000,
    "retained_earnings": 2548000000,
    "operating_cash_flow": 427000000,
    "depreciation": 96000000
  },
  "ALV": {
    "ticker": "ALV",
    "date": "2024-12-31",
    "revenue": 10390000000,
    "net_income": 646000000,
    "operating_income": 979000000,
    "ebit": 979000000,
    "interest_expense": 108000000,
    "ebitda": 1370000000,
    "gross_profit": 1927000000,
    "total_assets": 7804000000,
    "total_liabilities": 5519000000,
    "total_equity": 2276000000,
    "total_debt": 2068000000,
    "current_assets": 3483000000,
    "current_liabilities": 3633000000,
    "cash": 330000000,
    "inventory": 921000000,
    "retained_earnings": 2105000000,
    "operating_cash_flow": 1059000000,
    "depreciation": 387000000
  },
  "MOD": {
    "ticker": "MOD",
    "date": "2025-03-31",
    "revenue": 2583500000,
    "net_income": 184000000,
    "operating_income": 283500000,
    "ebit": 283500000,
    "interest_expense": 26400000,
    "ebitda": 358100000,
    "gross_profit": 645400000,
    "total_assets": 1917600000,
    "total_liabilities": 999400000,
    "total_equity": 910200000,
    "total_debt": 449400000,
    "current_assets": 961200000,
    "current_liabilities": 541000000,
    "cash": 71600000,
    "inventory": 340900000,
    "retained_earnings": 843000000,
    "operating_cash_flow": 213300000,
    "depreciation": 77700000
  },
  "GT": {
    "ticker": "GT",
    "date": "2024-12-31",
    "revenue": 18878000000,
    "net_income": 70000000,
    "operating_income": 920000000,
    "ebit": 920000000,
    "interest_expense": 584000000,
    "ebitda": 1726000000,
    "gross_profit": 3702000000,
    "total_assets": 20964000000,
    "total_liabilities": 16058000000,
    "total_equity": 4756000000,
    "total_debt": 8786000000,
    "current_assets": 7632000000,
    "current_liabilities": 7337000000,
    "cash": 810000000,
    "inventory": 3597000000,
    "retained_earnings": 5156000000,
    "operating_cash_flow": 698000000,
    "depreciation": 1049000000
  },
  "CTB": {
    "ticker": "CTB",
    "date": "2020-12-31",
    "revenue": 2521074000,
    "net_income": 142789000,
    "operating_income": 243285000,
    "ebit": 243285000,
    "interest_expense": 22707000,
    "ebitda": 371342000,
    "gross_profit": 487814000,
    "total_assets": 2971573000,
    "total_liabilities": 1560982000,
    "total_equity": 1410591000,
    "total_debt": 347084000,
    "current_assets": 1582215000,
    "current_liabilities": 648110000,
    "cash": 625758000,
    "inventory": 387656000,
    "retained_earnings": 2646567000,
    "operating_cash_flow": 459139000,
    "depreciation": 158847000
  },
  "GPS": {
    "ticker": "GPS",
    "date": "2025-02-01",
    "revenue": 15086000000,
    "net_income": 844000000,
    "operating_income": 1112000000,
    "ebit": 1112000000,
    "interest_expense": 87000000,
    "ebitda": 1724000000,
    "gross_profit": 6227000000,
    "total_assets": 11885000000,
    "total_liabilities": 5365000000,
    "total_equity": 3264000000,
    "total_debt": 5475000000,
    "current_assets": 5203000000,
    "current_liabilities": 3256000000,
    "cash": 2335000000,
    "inventory": 2067000000,
    "retained_earnings": 3039000000,
    "operating_cash_flow": 1486000000,
    "depreciation": 500000000
  },
  "KSS": {
    "ticker": "KSS",
    "date": "2025-02-01",
    "revenue": 16221000000,
    "net_income": 109000000,
    "operating_income": 509000000,
    "ebit": 509000000,
    "interest_expense": 319000000,
    "ebitda": 1176000000,
    "gross_profit": 5817000000,
    "total_assets": 13559000000,
    "total_liabilities": 9757000000,
    "total_equity": 3802000000,
    "total_debt": 7159000000,
    "current_assets": 3388000000,
    "current_liabilities": 3131000000,
    "cash": 134000000,
    "inventory": 2945000000,
    "retained_earnings": 1008000000,
    "operating_cash_flow": 648000000,
    "depreciation": 743000000
  },
  "M": {
    "ticker": "M",
    "date": "2025-02-01",
    "revenue": 23006000000,
    "net_income": 582000000,
    "operating_income": 909000000,
    "ebit": 909000000,
    "interest_expense": 115000000,
    "ebitda": 1759000000,
    "gross_profit": 9266000000,
    "total_assets": 16402000000,
    "total_liabilities": 11850000000,
    "total_equity": 4552000000,
    "total_debt": 5706000000,
    "current_assets": 6479000000,
    "current_liabilities": 4524000000,
    "cash": 1306000000,
    "inventory": 4468000000,
    "retained_earnings": 6499000000,
    "operating_cash_flow": 1278000000,
    "depreciation": 881000000
  },
  "JWN": {
    "ticker": "JWN",
    "date": "2025-02-01",
    "revenue": 15016000000,
    "net_income": 294000000,
    "operating_income": 495000000,
    "ebit": 495000000,
    "interest_expense": 135000000,
    "ebitda": 1318000000,
    "gross_profit": 5620000000,
    "total_assets": 8966000000,
    "total_liabilities": 7826000000,
    "total_equity": 1140000000,
    "total_debt": 4283000000,
    "current_assets": 3689000000,
    "current_liabilities": 3088000000,
    "cash": 1035000000,
    "inventory": 2104000000,
    "retained_earnings": -2369000000,
    "operating_cash_flow": 1267000000,
    "depreciation": 790000000
  },
  "DDS": {
    "ticker": "DDS",
    "date": "2025-02-01",
    "revenue": 6590231000,
    "net_income": 593476000,
    "operating_income": 740162000,
    "ebit": 740162000,
    "interest_expense": 39874000,
    "ebitda": 949097000,
    "gross_profit": 2670682000,
    "total_assets": 3531054000,
    "total_liabilities": 1734894000,
    "total_equity": 1796160000,
    "total_debt": 555323000,
    "current_assets": 2368070000,
    "current_liabilities": 834906000,
    "cash": 717854000,
    "inventory": 1172047000,
    "retained_earnings": 6228048000,
    "operating_cash_flow": 714127000,
    "depreciation": 179522000
  },
  "URBN": {
    "ticker": "URBN",
    "date": "2025-01-31",
    "revenue": 5550666000,
    "net_income": 402462000,
    "operating_income": 473764000,
    "ebit": 473764000,
    "interest_expense": 6069000,
    "ebitda": 621666000,
    "gross_profit": 1926670000,
    "total_assets": 4519480000,
    "total_liabilities": 2047976000,
    "total_equity": 2471504000,
    "total_debt": 1098358000,
    "current_assets": 1492796000,
    "current_liabilities": 1075679000,
    "cash": 290481000,
    "inventory": 621146000,
    "retained_earnings": 2503068000,
    "operating_cash_flow": 502834000,
    "depreciation": 123197000
  },
  "ANF": {
    "ticker": "ANF",
    "date": "2025-02-01",
    "revenue": 4948587000,
    "net_income": 566223000,
    "operating_income": 732075000,
    "ebit": 732075000,
    "interest_expense": 12077000,
    "ebitda": 934813000,
    "gross_profit": 3018775000,
    "total_assets": 3299887000,
    "total_liabilities": 1948564000,
    "total_equity": 1335628000,
    "total_debt": 951613000,
    "current_assets": 1673431000,
    "current_liabilities": 1126944000,
    "cash": 772727000,
    "inventory": 575005000,
    "retained_earnings": 3196724000,
    "operating_cash_flow": 710376000,
    "depreciation": 153773000
  },
  "RL": {
    "ticker": "RL",
    "date": "2025-03-29",
    "revenue": 7079000000,
    "net_income": 742900000,
    "operating_income": 932100000,
    "ebit": 932100000,
    "interest_expense": 44100000,
    "ebitda": 1214400000,
    "gross_profit": 4852900000,
    "total_assets": 7047300000,
    "total_liabilities": 4458800000,
    "total_equity": 2588500000,
    "total_debt": 2668100000,
    "current_assets": 3789900000,
    "current_liabilities": 2133700000,
    "cash": 1922500000,
    "inventory": 949600000,
    "retained_earnings": 7590100000,
    "operating_cash_flow": 1235100000,
    "depreciation": 219600000
  },
  "PVH": {
    "ticker": "PVH",
    "date": "2025-01-31",
    "revenue": 8652900000,
    "net_income": 598500000,
    "operating_income": 731200000,
    "ebit": 731200000,
    "interest_expense": 89800000,
    "ebitda": 1084700000,
    "gross_profit": 5142500000,
    "total_assets": 11033200000,
    "total_liabilities": 5892700000,
    "total_equity": 5140500000,
    "total_debt": 3391100000,
    "current_assets": 3487600000,
    "current_liabilities": 2741800000,
    "cash": 748000000,
    "inventory": 1508700000,
    "retained_earnings": 5997200000,
    "operating_cash_flow": 740900000,
    "depreciation": 282200000
  },
  "TPR": {
    "ticker": "TPR",
    "date": "2025-06-28",
    "revenue": 7010700000,
    "net_income": 183200000,
    "operating_income": 415000000,
    "ebit": 415000000,
    "interest_expense": 85400000,
    "ebitda": 526400000,
    "gross_profit": 5288900000,
    "total_assets": 6580500000,
    "total_liabilities": 5722700000,
    "total_equity": 857800000,
    "total_debt": 3899200000,
    "current_assets": 2905600000,
    "current_liabilities": 1556900000,
    "cash": 1100000000,
    "inventory": 860700000,
    "retained_earnings": -2556800000,
    "operating_cash_flow": 1216600000,
    "depreciation": 224900000
  },
  "CPRI": {
    "ticker": "CPRI",
    "date": "2025-03-29",
    "revenue": 4442000000,
    "net_income": -1182000000,
    "operating_income": -752000000,
    "ebit": -752000000,
    "interest_expense": 37000000,
    "ebitda": 245000000,
    "gross_profit": 2826000000,
    "total_assets": 5213000000,
    "total_liabilities": 4841000000,
    "total_equity": 368000000,
    "total_debt": 3103000000,
    "current_assets": 1521000000,
    "current_liabilities": 1336000000,
    "cash": 166000000,
    "inventory": 869000000,
    "retained_earnings": 4297000000,
    "operating_cash_flow": 281000000,
    "depreciation": 193000000
  },
  "VFC": {
    "ticker": "VFC",
    "date": "2025-03-29",
    "revenue": 9504691000,
    "net_income": -189716000,
    "operating_income": 303773000,
    "ebit": 303773000,
    "interest_expense": 174136000,
    "ebitda": 729013000,
    "gross_profit": 5085712000,
    "total_assets": 9377536000,
    "total_liabilities": 7890177000,
    "total_equity": 1487359000,
    "total_debt": 5366068000,
    "current_assets": 3786098000,
    "current_liabilities": 2697853000,
    "cash": 429382000,
    "inventory": 1627025000,
    "retained_earnings": -1173011000,
    "operating_cash_flow": 465236000,
    "depreciation": 259616000
  },
  "HBI": {
    "ticker": "HBI",
    "date": "2024-12-28",
    "revenue": 3507438000,
    "net_income": -320431000,
    "operating_income": 185948000,
    "ebit": 185948000,
    "interest_expense": 195901000,
    "ebitda": 230562000,
    "gross_profit": 1359524000,
    "total_assets": 3840941000,
    "total_liabilities": 3806931000,
    "total_equity": 34010000,
    "total_debt": 2551414000,
    "current_assets": 1715376000,
    "current_liabilities": 1248540000,
    "cash": 214854000,
    "inventory": 871044000,
    "retained_earnings": 234494000,
    "operating_cash_flow": 264243000,
    "depreciation": 92055000
  },
  "SKX": {
    "ticker": "SKX",
    "date": "2024-12-31",
    "revenue": 8969351000,
    "net_income": 639471000,
    "operating_income": 904257000,
    "ebit": 904257000,
    "interest_expense": 21900000,
    "ebitda": 1115756000,
    "gross_profit": 4767439000,
    "total_assets": 8455758000,
    "total_liabilities": 3635494000,
    "total_equity": 4277299000,
    "total_debt": 1929135000,
    "current_assets": 4449423000,
    "current_liabilities": 2256484000,
    "cash": 1116516000,
    "inventory": 1919386000,
    "retained_earnings": 4436201000,
    "operating_cash_flow": 687390000,
    "depreciation": 211499000
  },
  "CROX": {
    "ticker": "CROX",
    "date": "2024-12-31",
    "revenue": 4102108000,
    "net_income": 950071000,
    "operating_income": 1021911000,
    "ebit": 1021911000,
    "interest_expense": 109264000,
    "ebitda": 1089689000,
    "gross_profit": 2410258000,
    "total_assets": 4812153000,
    "total_liabilities": 2976421000,
    "total_equity": 1835732000,
    "total_debt": 1701296000,
    "current_assets": 872269000,
    "current_liabilities": 740208000,
    "cash": 180485000,
    "inventory": 356254000,
    "retained_earnings": 3561836000,
    "operating_cash_flow": 992486000,
    "depreciation": 69840000
  },
  "FL": {
    "ticker": "FL",
    "date": "2025-02-01",
    "revenue": 7988000000,
    "net_income": 12000000,
    "operating_income": 103000000,
    "ebit": 103000000,
    "interest_expense": 8000000,
    "ebitda": 261000000,
    "gross_profit": 2322000000,
    "total_assets": 6748000000,
    "total_liabilities": 3839000000,
    "total_equity": 2909000000,
    "total_debt": 2784000000,
    "current_assets": 2259000000,
    "current_liabilities": 1330000000,
    "cash": 401000000,
    "inventory": 1525000000,
    "retained_earnings": 2494000000,
    "operating_cash_flow": 345000000,
    "depreciation": 202000000
  },
  "DKS": {
    "ticker": "DKS",
    "date": "2025-01-31",
    "revenue": 13442849000,
    "net_income": 1165308000,
    "operating_income": 1473932000,
    "ebit": 1473932000,
    "interest_expense": 52987000,
    "ebitda": 1972429000,
    "gross_profit": 4825696000,
    "total_assets": 10458694000,
    "total_liabilities": 7260430000,
    "total_equity": 3198264000,
    "total_debt": 4487760000,
    "current_assets": 5417707000,
    "current_liabilities": 3080062000,
    "cash": 1689940000,
    "inventory": 3349830000,
    "retained_earnings": 6392513000,
    "operating_cash_flow": 1311835000,
    "depreciation": 400409000
  },
  "ULTA": {
    "ticker": "ULTA",
    "date": "2025-01-31",
    "revenue": 11295654000,
    "net_income": 1201118000,
    "operating_income": 1578661000,
    "ebit": 1578661000,
    "interest_expense": 0,
    "ebitda": 1847108000,
    "gross_profit": 4387253000,
    "total_assets": 6001693000,
    "total_liabilities": 3513340000,
    "total_equity": 2488353000,
    "total_debt": 1923234000,
    "current_assets": 3028808000,
    "current_liabilities": 1779478000,
    "cash": 703201000,
    "inventory": 1968214000,
    "retained_earnings": 1473909000,
    "operating_cash_flow": 1338605000,
    "depreciation": 267042000
  },
  "FIVE": {
    "ticker": "FIVE",
    "date": "2025-01-31",
    "revenue": 3876527000,
    "net_income": 253611000,
    "operating_income": 323817000,
    "ebit": 323817000,
    "interest_expense": 0,
    "ebitda": 491264000,
    "gross_profit": 1352662000,
    "total_assets": 4339574000,
    "total_liabilities": 2531247000,
    "total_equity": 1808327000,
    "total_debt": 1981567000,
    "current_assets": 1351367000,
    "current_liabilities": 756442000,
    "cash": 331718000,
    "inventory": 659500000,
    "retained_earnings": 1655307000,
    "operating_cash_flow": 430648000,
    "depreciation": 167447000
  },
  "OLLI": {
    "ticker": "OLLI",
    "date": "2025-01-31",
    "revenue": 2271705000,
    "net_income": 199762000,
    "operating_income": 249503000,
    "ebit": 249503000,
    "interest_expense": 0,
    "ebitda": 293461000,
    "gross_profit": 914452000,
    "total_assets": 2561145000,
    "total_liabilities": 865835000,
    "total_equity": 1695310000,
    "total_debt": 564870000,
    "current_assets": 993791000,
    "current_liabilities": 304341000,
    "cash": 205123000,
    "inventory": 552542000,
    "retained_earnings": 1367713000,
    "operating_cash_flow": 227454000,
    "depreciation": 0
  },
  "BIG": {
    "ticker": "BIG",
    "date": "2024-02-03",
    "revenue": 4722099000,
    "net_income": -481876000,
    "operating_income": -374120000,
    "ebit": -374120000,
    "interest_expense": 44758000,
    "ebitda": -248173000,
    "gross_profit": 1550107000,
    "total_assets": 3325309000,
    "total_liabilities": 3040814000,
    "total_equity": 284495000,
    "total_debt": 2276411000,
    "current_assets": 1086023000,
    "current_liabilities": 831019000,
    "cash": 46411000,
    "inventory": 953302000,
    "retained_earnings": 2750748000,
    "operating_cash_flow": -251960000,
    "depreciation": 139177000
  },
  "GME": {
    "ticker": "GME",
    "date": "2025-01-31",
    "revenue": 3823000000,
    "net_income": 131300000,
    "operating_income": -26200000,
    "ebit": -26200000,
    "interest_expense": 0,
    "ebitda": 22400000,
    "gross_profit": 1113900000,
    "total_assets": 5875400000,
    "total_liabilities": 945600000,
    "total_equity": 4929800000,
    "total_debt": 410700000,
    "current_assets": 5355000000,
    "current_liabilities": 665400000,
    "cash": 4756900000,
    "inventory": 480200000,
    "retained_earnings": -81500000,
    "operating_cash_flow": 145700000,
    "depreciation": 38900000
  },
  "BBBY": {
    "ticker": "BBBY",
    "date": "2024-12-31",
    "revenue": 1394964000,
    "net_income": -258795000,
    "operating_income": -190969000,
    "ebit": -190969000,
    "interest_expense": 2203000,
    "ebitda": -236846000,
    "gross_profit": 272550000,
    "total_assets": 401954000,
    "total_liabilities": 239222000,
    "total_equity": 162732000,
    "total_debt": 32665000,
    "current_assets": 227507000,
    "current_liabilities": 224861000,
    "cash": 159169000,
    "inventory": 11546000,
    "retained_earnings": -740466000,
    "operating_cash_flow": -174304000,
    "depreciation": 19062000
  },
  "PRTY": {
    "ticker": "PRTY",
    "date": "2021-12-31",
    "revenue": 2171060000,
    "net_income": -6582000,
    "operating_income": 86352000,
    "ebit": 86352000,
    "interest_expense": 87226000,
    "ebitda": 235103000,
    "gross_profit": 768056000,
    "total_assets": 2711900000,
    "total_liabilities": 2629186000,
    "total_equity": 82714000,
    "total_debt": 856493000,
    "current_assets": 698483000,
    "current_liabilities": 570059000,
    "cash": 47914000,
    "inventory": 443295000,
    "retained_earnings": -571985000,
    "operating_cash_flow": -151935000,
    "depreciation": 63031000
  },
  "EXPR": {
    "ticker": "EXPR",
    "date": "2023-01-28",
    "revenue": 1864182000,
    "net_income": 293834000,
    "operating_income": -65280000,
    "ebit": -65280000,
    "interest_expense": 29103000,
    "ebitda": -3934000,
    "gross_profit": 528594000,
    "total_assets": 1398325000,
    "total_liabilities": 1090756000,
    "total_equity": 307569000,
    "total_debt": 717454000,
    "current_assets": 534404000,
    "current_liabilities": 541590000,
    "cash": 65612000,
    "inventory": 365649000,
    "retained_earnings": 355736000,
    "operating_cash_flow": -157080000,
    "depreciation": 62169000
  },
  "TLRY": {
    "ticker": "TLRY",
    "date": "2025-05-31",
    "revenue": 1126991996,
    "net_income": -3000620016,
    "operating_income": -3132304973,
    "ebit": -3132304973,
    "interest_expense": 56713984,
    "ebitda": -2919405578,
    "gross_profit": 330107748,
    "total_assets": 2904466546,
    "total_liabilities": 860486627,
    "total_equity": 2074029508,
    "total_debt": 451086879,
    "current_assets": 944925710,
    "current_liabilities": 384628973,
    "cash": 304167868,
    "inventory": 371701571,
    "retained_earnings": -6651315044,
    "operating_cash_flow": -129807801,
    "depreciation": 183173643
  },
  "CGC": {
    "ticker": "CGC",
    "date": "2025-03-31",
    "revenue": 268995000,
    "net_income": -598115000,
    "operating_income": -117143000,
    "ebit": -117143000,
    "interest_expense": 74140000,
    "ebitda": -479310000,
    "gross_profit": 79511000,
    "total_assets": 917701000,
    "total_liabilities": 430488000,
    "total_equity": 487213000,
    "total_debt": 348397000,
    "current_assets": 294574000,
    "current_liabilities": 94404000,
    "cash": 113811000,
    "inventory": 96373000,
    "retained_earnings": -10928145000,
    "operating_cash_flow": -165750000,
    "depreciation": 43118000
  },
  "ACB": {
    "ticker": "ACB",
    "date": "2025-03-31",
    "revenue": 343293000,
    "net_income": 1591000,
    "operating_income": 4948000,
    "ebit": 4948000,
    "interest_expense": 8420000,
    "ebitda": 51349000,
    "gross_profit": 187607000,
    "total_assets": 847766157,
    "total_liabilities": 242672424,
    "total_equity": 563911753,
    "total_debt": 103982013,
    "current_assets": 475579289,
    "current_liabilities": 110225924,
    "cash": 184263012,
    "inventory": 237719052,
    "retained_earnings": -6331152780,
    "operating_cash_flow": 16005000,
    "depreciation": 22547000
  },
  "CRON": {
    "ticker": "CRON",
    "date": "2024-12-31",
    "revenue": 117615000,
    "net_income": 41080000,
    "operating_income": -76529000,
    "ebit": -76529000,
    "interest_expense": 0,
    "ebitda": -50213000,
    "gross_profit": 25198000,
    "total_assets": 1166312000,
    "total_liabilities": 55330000,
    "total_equity": 1064063000,
    "total_debt": 2018000,
    "current_assets": 936113000,
    "current_liabilities": 49700000,
    "cash": 858805000,
    "inventory": 33149000,
    "retained_earnings": 457709000,
    "operating_cash_flow": 18843000,
    "depreciation": 9336000
  },
  "SNDL": {
    "ticker": "SNDL",
    "date": "2024-12-31",
    "revenue": 920448000,
    "net_income": -94796000,
    "operating_income": -103811000,
    "ebit": -103811000,
    "interest_expense": 7697000,
    "ebitda": -41201000,
    "gross_profit": 240331000,
    "total_assets": 1349242000,
    "total_liabilities": 215886000,
    "total_equity": 1133356000,
    "total_debt": 152273000,
    "current_assets": 461840000,
    "current_liabilities": 90557000,
    "cash": 218359000,
    "inventory": 129106000,
    "retained_earnings": -1323965000,
    "operating_cash_flow": 54914000,
    "depreciation": 56711000
  },
  "RIG": {
    "ticker": "RIG",
    "date": "2024-12-31",
    "revenue": 3524000000,
    "net_income": -512000000,
    "operating_income": -417000000,
    "ebit": -417000000,
    "interest_expense": 362000000,
    "ebitda": 1138000000,
    "gross_profit": 1350000000,
    "total_assets": 19371000000,
    "total_liabilities": 9086000000,
    "total_equity": 10284000000,
    "total_debt": 7247000000,
    "current_assets": 2452000000,
    "current_liabilities": 1663000000,
    "cash": 560000000,
    "inventory": 0,
    "retained_earnings": -4545000000,
    "operating_cash_flow": 447000000,
    "depreciation": 743000000
  },
  "VAL": {
    "ticker": "VAL",
    "date": "2024-12-31",
    "revenue": 2362600000,
    "net_income": 373400000,
    "operating_income": 352300000,
    "ebit": 352300000,
    "interest_expense": 84800000,
    "ebitda": 487800000,
    "gross_profit": 601700000,
    "total_assets": 4419800000,
    "total_liabilities": 2175500000,
    "total_equity": 2238500000,
    "total_debt": 1167600000,
    "current_assets": 1078700000,
    "current_liabilities": 679500000,
    "cash": 368200000,
    "inventory": 0,
    "retained_earnings": 1398900000,
    "operating_cash_flow": 355400000,
    "depreciation": 122100000
  },
  "NE": {
    "ticker": "NE",
    "date": "2024-12-31",
    "revenue": 3057818000,
    "net_income": 448353000,
    "operating_income": 603983000,
    "ebit": 603983000,
    "interest_expense": 94211000,
    "ebitda": 1015171000,
    "gross_profit": 836549000,
    "total_assets": 7964768000,
    "total_liabilities": 3313382000,
    "total_equity": 4651386000,
    "total_debt": 2083732999,
    "current_assets": 1388864000,
    "current_liabilities": 940362000,
    "cash": 247303000,
    "inventory": 0,
    "retained_earnings": 411244000,
    "operating_cash_flow": 655475000,
    "depreciation": 368594000
  },
  "HP": {
    "ticker": "HP",
    "date": "2025-09-30",
    "revenue": 3746013000,
    "net_income": -163695000,
    "operating_income": 232324000,
    "ebit": 232324000,
    "interest_expense": 107808000,
    "ebitda": 658780000,
    "gross_profit": 553501000,
    "total_assets": 6705738000,
    "total_liabilities": 3876400000,
    "total_equity": 2724790000,
    "total_debt": 2063942999,
    "current_assets": 1465475000,
    "current_liabilities": 814836000,
    "cash": 224260000,
    "inventory": 324326000,
    "retained_earnings": 2619090000,
    "operating_cash_flow": 542950000,
    "depreciation": 625085000
  },
  "NBR": {
    "ticker": "NBR",
    "date": "2024-12-31",
    "revenue": 2930126000,
    "net_income": -176084000,
    "operating_income": 247927000,
    "ebit": 247927000,
    "interest_expense": 210864000,
    "ebitda": 813232000,
    "gross_profit": 554307000,
    "total_assets": 4504301000,
    "total_liabilities": 3297963000,
    "total_equity": 134996000,
    "total_debt": 2534130000,
    "current_assets": 999537000,
    "current_liabilities": 571917000,
    "cash": 389652000,
    "inventory": 129979000,
    "retained_earnings": -2092128000,
    "operating_cash_flow": 581432000,
    "depreciation": 633408000
  },
  "PTEN": {
    "ticker": "PTEN",
    "date": "2024-12-31",
    "revenue": 5377911000,
    "net_income": -968031000,
    "operating_income": -889737000,
    "ebit": -889737000,
    "interest_expense": 71963000,
    "ebitda": 286890000,
    "gross_profit": 286169000,
    "total_assets": 5833466000,
    "total_liabilities": 2357622000,
    "total_equity": 3465823000,
    "total_debt": 1299215000,
    "current_assets": 1295315000,
    "current_liabilities": 841993000,
    "cash": 239182000,
    "inventory": 167023000,
    "retained_earnings": -1039338000,
    "operating_cash_flow": 1175536000,
    "depreciation": 1171873000
  },
  "SM": {
    "ticker": "SM",
    "date": "2024-12-31",
    "revenue": 2671285000,
    "net_income": 770293000,
    "operating_income": 1075695000,
    "ebit": 1075695000,
    "interest_expense": 140659000,
    "ebitda": 1916187000,
    "gross_profit": 1225009000,
    "total_assets": 8576647000,
    "total_liabilities": 4339390000,
    "total_equity": 4237257000,
    "total_debt": 2842064000,
    "current_assets": 434699000,
    "current_liabilities": 789950000,
    "cash": 0,
    "inventory": 0,
    "retained_earnings": 2735494000,
    "operating_cash_flow": 1782514000,
    "depreciation": 809305000
  },
  "AR": {
    "ticker": "AR",
    "date": "2024-12-31",
    "revenue": 4118695000,
    "net_income": 57226000,
    "operating_income": 460000,
    "ebit": 460000,
    "interest_expense": 118207000,
    "ebitda": 859546000,
    "gross_profit": 327333000,
    "total_assets": 13010050000,
    "total_liabilities": 5793517000,
    "total_equity": 7021650000,
    "total_debt": 4033461000,
    "current_assets": 507546000,
    "current_liabilities": 1445927000,
    "cash": 0,
    "inventory": 0,
    "retained_earnings": 1109166000,
    "operating_cash_flow": 849288000,
    "depreciation": 765827000
  },
  "RRC": {
    "ticker": "RRC",
    "date": "2024-12-31",
    "revenue": 2346898000,
    "net_income": 266340000,
    "operating_income": 354144000,
    "ebit": 354144000,
    "interest_expense": 118758000,
    "ebitda": 727719000,
    "gross_profit": 574751000,
    "total_assets": 7347675000,
    "total_liabilities": 3411018000,
    "total_equity": 3936657000,
    "total_debt": 1820758000,
    "current_assets": 721461000,
    "current_liabilities": 1274070000,
    "cash": 304490000,
    "inventory": 0,
    "retained_earnings": -1480580000,
    "operating_cash_flow": 944514000,
    "depreciation": 0
  },
  "SWN": {
    "ticker": "SWN",
    "date": "2023-12-31",
    "revenue": 6522000000,
    "net_income": 1557000000,
    "operating_income": -974000000,
    "ebit": -974000000,
    "interest_expense": 142000000,
    "ebitda": 2749000000,
    "gross_profit": 1167000000,
    "total_assets": 11991000000,
    "total_liabilities": 6103000000,
    "total_equity": 5888000000,
    "total_debt": 4098000000,
    "current_assets": 1415000000,
    "current_liabilities": 1729000000,
    "cash": 21000000,
    "inventory": 0,
    "retained_earnings": -982000000,
    "operating_cash_flow": 2516000000,
    "depreciation": 1307000000
  },
  "CNX": {
    "ticker": "CNX",
    "date": "2024-12-31",
    "revenue": 1345852000,
    "net_income": -90494000,
    "operating_income": 653002000,
    "ebit": 653002000,
    "interest_expense": 150594000,
    "ebitda": 489502000,
    "gross_profit": 806184000,
    "total_assets": 8511903000,
    "total_liabilities": 4413873000,
    "total_equity": 4098030000,
    "total_debt": 2292269000,
    "current_assets": 370635000,
    "current_liabilities": 1122578000,
    "cash": 17198000,
    "inventory": 14572000,
    "retained_earnings": 1753293000,
    "operating_cash_flow": 815779000,
    "depreciation": 485754000
  },
  "EQT": {
    "ticker": "EQT",
    "date": "2024-12-31",
    "revenue": 5222192000,
    "net_income": 230577000,
    "operating_income": 685296000,
    "ebit": 685296000,
    "interest_expense": 454825000,
    "ebitda": 2881369000,
    "gross_profit": 767219000,
    "total_assets": 39830255000,
    "total_liabilities": 15552119000,
    "total_equity": 20597628000,
    "total_debt": 9366055000,
    "current_assets": 1714679000,
    "current_liabilities": 2461549000,
    "cash": 202093000,
    "inventory": 0,
    "retained_earnings": 2585238000,
    "operating_cash_flow": 2826973000,
    "depreciation": 2162350000
  },
  "CTRA": {
    "ticker": "CTRA",
    "date": "2024-12-31",
    "revenue": 5461000000,
    "net_income": 1121000000,
    "operating_income": 1389000000,
    "ebit": 1389000000,
    "interest_expense": 106000000,
    "ebitda": 3296000000,
    "gross_profit": 1691000000,
    "total_assets": 21625000000,
    "total_liabilities": 8503000000,
    "total_equity": 13122000000,
    "total_debt": 3802000000,
    "current_assets": 3321000000,
    "current_liabilities": 1136000000,
    "cash": 2038000000,
    "inventory": 46000000,
    "retained_earnings": 5857000000,
    "operating_cash_flow": 2795000000,
    "depreciation": 1840000000
  },
  "GPRO": {
    "ticker": "GPRO",
    "date": "2024-12-31",
    "revenue": 801473000,
    "net_income": -432311000,
    "operating_income": -135033000,
    "ebit": -135033000,
    "interest_expense": 3329000,
    "ebitda": -123269000,
    "gross_profit": 271295000,
    "total_assets": 543678000,
    "total_liabilities": 391989000,
    "total_equity": 151689000,
    "total_debt": 122211000,
    "current_assets": 339245000,
    "current_liabilities": 356267000,
    "cash": 102811000,
    "inventory": 120716000,
    "retained_earnings": -681607000,
    "operating_cash_flow": -125141000,
    "depreciation": 6491000
  },
  "SONO": {
    "ticker": "SONO",
    "date": "2025-09-27",
    "revenue": 1443276000,
    "net_income": -61144000,
    "operating_income": -50468000,
    "ebit": -50468000,
    "interest_expense": 465000,
    "ebitda": 12289000,
    "gross_profit": 630530000,
    "total_assets": 823278000,
    "total_liabilities": 468053000,
    "total_equity": 355225000,
    "total_debt": 53288000,
    "current_assets": 504035000,
    "current_liabilities": 352412000,
    "cash": 174668000,
    "inventory": 171020000,
    "retained_earnings": -112078000,
    "operating_cash_flow": 136869000,
    "depreciation": 62321000
  },
  "IRBT": {
    "ticker": "IRBT",
    "date": "2024-12-28",
    "revenue": 681849000,
    "net_income": -145518000,
    "operating_income": -102950000,
    "ebit": -102950000,
    "interest_expense": 22070000,
    "ebitda": -101986000,
    "gross_profit": 142357000,
    "total_assets": 516137000,
    "total_liabilities": 454898000,
    "total_equity": 61239000,
    "total_debt": 227099000,
    "current_assets": 288502000,
    "current_liabilities": 218244000,
    "cash": 134303000,
    "inventory": 76029000,
    "retained_earnings": -250813000,
    "operating_cash_flow": -33222000,
    "depreciation": 21667000
  },
  "HEAR": {
    "ticker": "HEAR",
    "date": "2024-12-31",
    "revenue": 372766000,
    "net_income": 16183000,
    "operating_income": 32828000,
    "ebit": 32828000,
    "interest_expense": 8068000,
    "ebitda": 30131000,
    "gross_profit": 128982000,
    "total_assets": 298861000,
    "total_liabilities": 178257000,
    "total_equity": 120604000,
    "total_debt": 105191000,
    "current_assets": 188371000,
    "current_liabilities": 123672000,
    "cash": 12995000,
    "inventory": 71251000,
    "retained_earnings": -118094000,
    "operating_cash_flow": 5761000,
    "depreciation": 11391000
  },
  "KOSS": {
    "ticker": "KOSS",
    "date": "2025-06-30",
    "revenue": 12624170,
    "net_income": -874831,
    "operating_income": -1737123,
    "ebit": -1737123,
    "interest_expense": 0,
    "ebitda": -2499272,
    "gross_profit": 4773598,
    "total_assets": 37184609,
    "total_liabilities": 6574574,
    "total_equity": 30610035,
    "total_debt": 2541734,
    "current_assets": 22604105,
    "current_liabilities": 1939651,
    "cash": 2807797,
    "inventory": 4885067,
    "retained_earnings": 16821369,
    "operating_cash_flow": -214908,
    "depreciation": 237210
  },
  "VUZI": {
    "ticker": "VUZI",
    "date": "2024-12-31",
    "revenue": 5754556,
    "net_income": -73538157,
    "operating_income": -73971494,
    "ebit": -73971494,
    "interest_expense": 0,
    "ebitda": -39819648,
    "gross_profit": -4865214,
    "total_assets": 39405258,
    "total_liabilities": 2112273,
    "total_equity": 37292985,
    "total_debt": 494236,
    "current_assets": 26722490,
    "current_liabilities": 2112273,
    "cash": 18186506,
    "inventory": 4813226,
    "retained_earnings": -367522950,
    "operating_cash_flow": -23739372,
    "depreciation": 3930169
  },
  "BBAI": {
    "ticker": "BBAI",
    "date": "2024-12-31",
    "revenue": 158236000,
    "net_income": -295547000,
    "operating_income": -133420000,
    "ebit": -133420000,
    "interest_expense": 25647000,
    "ebitda": -258283000,
    "gross_profit": 45220000,
    "total_assets": 343776000,
    "total_liabilities": 347490000,
    "total_equity": -3714000,
    "total_debt": 146410000,
    "current_assets": 93757000,
    "current_liabilities": 202966000,
    "cash": 50141000,
    "inventory": 0,
    "retained_earnings": -571641000,
    "operating_cash_flow": -38119000,
    "depreciation": 11873000
  },
  "PLTR": {
    "ticker": "PLTR",
    "date": "2024-12-31",
    "revenue": 2865507000,
    "net_income": 462190000,
    "operating_income": 310403000,
    "ebit": 310403000,
    "interest_expense": 0,
    "ebitda": 341990000,
    "gross_profit": 2299517000,
    "total_assets": 6340884000,
    "total_liabilities": 1246477000,
    "total_equity": 5003275000,
    "total_debt": 239219000,
    "current_assets": 5934289000,
    "current_liabilities": 996018000,
    "cash": 2098524000,
    "inventory": 0,
    "retained_earnings": -5187423000,
    "operating_cash_flow": 1153865000,
    "depreciation": 31587000
  },
  "SNOW": {
    "ticker": "SNOW",
    "date": "2025-01-31",
    "revenue": 3626396000,
    "net_income": -1285640000,
    "operating_income": -1456010000,
    "ebit": -1456010000,
    "interest_expense": 2759000,
    "ebitda": -1099832000,
    "gross_profit": 2411723000,
    "total_assets": 9033938000,
    "total_liabilities": 6027295000,
    "total_equity": 2999929000,
    "total_debt": 2685270000,
    "current_assets": 5771710000,
    "current_liabilities": 3301183000,
    "cash": 2628798000,
    "inventory": 0,
    "retained_earnings": -7293575000,
    "operating_cash_flow": 959764000,
    "depreciation": 182508000
  },
  "DDOG": {
    "ticker": "DDOG",
    "date": "2024-12-31",
    "revenue": 2684275000,
    "net_income": 183746000,
    "operating_income": 54284000,
    "ebit": 54284000,
    "interest_expense": 7068000,
    "ebitda": 317988000,
    "gross_profit": 2167919000,
    "total_assets": 5785339000,
    "total_liabilities": 3070976000,
    "total_equity": 2714363000,
    "total_debt": 1842180000,
    "current_assets": 4911115000,
    "current_liabilities": 1862713000,
    "cash": 1246983000,
    "inventory": 0,
    "retained_earnings": 30048000,
    "operating_cash_flow": 870603000,
    "depreciation": 54933000
  },
  "ZS": {
    "ticker": "ZS",
    "date": "2025-07-31",
    "revenue": 2673115000,
    "net_income": -41478000,
    "operating_income": -128460000,
    "ebit": -128460000,
    "interest_expense": 9522000,
    "ebitda": 112412000,
    "gross_profit": 2054937000,
    "total_assets": 6419888000,
    "total_liabilities": 4620615000,
    "total_equity": 1799273000,
    "total_debt": 1796576000,
    "current_assets": 4894290000,
    "current_liabilities": 2429611000,
    "cash": 2389023000,
    "inventory": 0,
    "retained_earnings": -1189558000,
    "operating_cash_flow": 972453000,
    "depreciation": 121181000
  },
  "CRWD": {
    "ticker": "CRWD",
    "date": "2025-01-31",
    "revenue": 3953624000,
    "net_income": -19271000,
    "operating_income": -120430000,
    "ebit": -120430000,
    "interest_expense": 26311000,
    "ebitda": 294801000,
    "gross_profit": 2962143000,
    "total_assets": 8701578000,
    "total_liabilities": 5382661000,
    "total_equity": 3279494000,
    "total_debt": 788901000,
    "current_assets": 5766303000,
    "current_liabilities": 3461050000,
    "cash": 4323295000,
    "inventory": 0,
    "retained_earnings": -1078107000,
    "operating_cash_flow": 1381727000,
    "depreciation": 213956000
  },
  "OKTA": {
    "ticker": "OKTA",
    "date": "2025-01-31",
    "revenue": 2610000000,
    "net_income": 28000000,
    "operating_income": -74000000,
    "ebit": -74000000,
    "interest_expense": 5000000,
    "ebitda": 139000000,
    "gross_profit": 1992000000,
    "total_assets": 9437000000,
    "total_liabilities": 3032000000,
    "total_equity": 6405000000,
    "total_debt": 952000000,
    "current_assets": 3416000000,
    "current_liabilities": 2523000000,
    "cash": 409000000,
    "inventory": 0,
    "retained_earnings": -2802000000,
    "operating_cash_flow": 750000000,
    "depreciation": 88000000
  },
  "MDB": {
    "ticker": "MDB",
    "date": "2025-01-31",
    "revenue": 2006443000,
    "net_income": -129072000,
    "operating_income": -216064000,
    "ebit": -216064000,
    "interest_expense": 8092000,
    "ebitda": -96534000,
    "gross_profit": 1471147000,
    "total_assets": 3430293000,
    "total_liabilities": 648069000,
    "total_equity": 2782224000,
    "total_debt": 36500000,
    "current_assets": 2923522000,
    "current_liabilities": 561987000,
    "cash": 490133000,
    "inventory": 0,
    "retained_earnings": -1840704000,
    "operating_cash_flow": 150191000,
    "depreciation": 26973000
  },
  "NET": {
    "ticker": "NET",
    "date": "2024-12-31",
    "revenue": 1669626000,
    "net_income": -78800000,
    "operating_income": -154761000,
    "ebit": -154761000,
    "interest_expense": 5196000,
    "ebitda": 62047000,
    "gross_profit": 1290924000,
    "total_assets": 3301162000,
    "total_liabilities": 2254961000,
    "total_equity": 1046201000,
    "total_debt": 1463213000,
    "current_assets": 2268997000,
    "current_liabilities": 793654000,
    "cash": 147691000,
    "inventory": 0,
    "retained_earnings": -1102640000,
    "operating_cash_flow": 380429000,
    "depreciation": 209503000
  },
  "DOCN": {
    "ticker": "DOCN",
    "date": "2024-12-31",
    "revenue": 780615000,
    "net_income": 84492000,
    "operating_income": 91007000,
    "ebit": 91007000,
    "interest_expense": 9113000,
    "ebitda": 236864000,
    "gross_profit": 465943000,
    "total_assets": 1639015000,
    "total_liabilities": 1841970000,
    "total_equity": -202955000,
    "total_debt": 1695132000,
    "current_assets": 541718000,
    "current_liabilities": 220955000,
    "cash": 428446000,
    "inventory": 0,
    "retained_earnings": -258742000,
    "operating_cash_flow": 282725000,
    "depreciation": 130051999
  },
  "ESTC": {
    "ticker": "ESTC",
    "date": "2025-04-30",
    "revenue": 1483296000,
    "net_income": -108114000,
    "operating_income": -54922000,
    "ebit": -54922000,
    "interest_expense": 25307000,
    "ebitda": 6053000,
    "gross_profit": 1103423000,
    "total_assets": 2592853000,
    "total_liabilities": 1665619000,
    "total_equity": 927234000,
    "total_debt": 595014000,
    "current_assets": 1931007000,
    "current_liabilities": 1008256000,
    "cash": 727543000,
    "inventory": 0,
    "retained_earnings": -1099721000,
    "operating_cash_flow": 266168000,
    "depreciation": 12315000
  },
  "CFLT": {
    "ticker": "CFLT",
    "date": "2024-12-31",
    "revenue": 963642000,
    "net_income": -345065000,
    "operating_income": -419147000,
    "ebit": -419147000,
    "interest_expense": 3800000,
    "ebitda": -397058000,
    "gross_profit": 706172000,
    "total_assets": 2694911000,
    "total_liabilities": 1733685000,
    "total_equity": 961226000,
    "total_debt": 1109981000,
    "current_assets": 2351319000,
    "current_liabilities": 589246000,
    "cash": 385980000,
    "inventory": 0,
    "retained_earnings": -1989216000,
    "operating_cash_flow": 33460000,
    "depreciation": 22089000
  },
  "PD": {
    "ticker": "PD",
    "date": "2025-01-31",
    "revenue": 467499000,
    "net_income": -42735000,
    "operating_income": -59772000,
    "ebit": -59772000,
    "interest_expense": 9258000,
    "ebitda": -11892000,
    "gross_profit": 387834000,
    "total_assets": 927266000,
    "total_liabilities": 779221000,
    "total_equity": 129828000,
    "total_debt": 463652000,
    "current_assets": 691933000,
    "current_liabilities": 369158000,
    "cash": 346460000,
    "inventory": 0,
    "retained_earnings": -595170000,
    "operating_cash_flow": 117891000,
    "depreciation": 20603000
  },
  "SUMO": {
    "ticker": "SUMO",
    "date": "2023-01-31",
    "revenue": 300668000,
    "net_income": -124815000,
    "operating_income": -126864000,
    "ebit": -126864000,
    "interest_expense": 173000,
    "ebitda": -106269000,
    "gross_profit": 203117000,
    "total_assets": 579098000,
    "total_liabilities": 203988000,
    "total_equity": 375110000,
    "total_debt": 1663000,
    "current_assets": 391812000,
    "current_liabilities": 196197000,
    "cash": 76496000,
    "inventory": 28762000,
    "retained_earnings": -645971000,
    "operating_cash_flow": -27358000,
    "depreciation": 15564000
  },
  "NEWR": {
    "ticker": "NEWR",
    "date": "2023-03-31",
    "revenue": 925626000,
    "net_income": -178827000,
    "operating_income": -185243000,
    "ebit": -185243000,
    "interest_expense": 4943000,
    "ebitda": -107608000,
    "gross_profit": 679243000,
    "total_assets": 1419008000,
    "total_liabilities": 1055468000,
    "total_equity": 340435000,
    "total_debt": 549356000,
    "current_assets": 1146808000,
    "current_liabilities": 988387000,
    "cash": 625727000,
    "inventory": 14962000,
    "retained_earnings": -963554000,
    "operating_cash_flow": 53770000,
    "depreciation": 63380000
  },
  "DT": {
    "ticker": "DT",
    "date": "2025-03-31",
    "revenue": 1698683000,
    "net_income": 483684000,
    "operating_income": 179433000,
    "ebit": 179433000,
    "interest_expense": 0,
    "ebitda": 227537000,
    "gross_profit": 1378491000,
    "total_assets": 4139678000,
    "total_liabilities": 1518530000,
    "total_equity": 2621148000,
    "total_debt": 75363000,
    "current_assets": 1931461000,
    "current_liabilities": 1381286000,
    "cash": 1017039000,
    "inventory": 0,
    "retained_earnings": 284927000,
    "operating_cash_flow": 459419000,
    "depreciation": 48104000
  },
  "SPLK": {
    "ticker": "SPLK",
    "date": "2024-01-31",
    "revenue": 4215595000,
    "net_income": 263734000,
    "operating_income": 356624000,
    "ebit": 356624000,
    "interest_expense": 42505000,
    "ebitda": 545471000,
    "gross_profit": 3350088000,
    "total_assets": 6687356000,
    "total_liabilities": 5946747000,
    "total_equity": 740609000,
    "total_debt": 3261572000,
    "current_assets": 4006953000,
    "current_liabilities": 2557894000,
    "cash": 1643141000,
    "inventory": 0,
    "retained_earnings": -3523001000,
    "operating_cash_flow": 1008363000,
    "depreciation": 88675000
  },
  "AMC": {
    "ticker": "AMC",
    "date": "2024-12-31",
    "revenue": 4637200000,
    "net_income": -352600000,
    "operating_income": -79300000,
    "ebit": -79300000,
    "interest_expense": 443700000,
    "ebitda": 412700000,
    "gross_profit": 3092400000,
    "total_assets": 8247500000,
    "total_liabilities": 10008000000,
    "total_equity": -1760500000,
    "total_debt": 8276900000,
    "current_assets": 947200000,
    "current_liabilities": 1744800000,
    "cash": 632300000,
    "inventory": 51200000,
    "retained_earnings": -8346799999,
    "operating_cash_flow": -50800000,
    "depreciation": 319500000
  },
  "CNK": {
    "ticker": "CNK",
    "date": "2024-12-31",
    "revenue": 3049500000,
    "net_income": 309700000,
    "operating_income": 359300000,
    "ebit": 359300000,
    "interest_expense": 166000000,
    "ebitda": 616300000,
    "gross_profit": 1964500000,
    "total_assets": 5067000000,
    "total_liabilities": 4463600000,
    "total_equity": 594400000,
    "total_debt": 3456100000,
    "current_assets": 1298300000,
    "current_liabilities": 1281700000,
    "cash": 1057300000,
    "inventory": 31000000,
    "retained_earnings": -162700000,
    "operating_cash_flow": 466000000,
    "depreciation": 197500000
  },
  "IMAX": {
    "ticker": "IMAX",
    "date": "2024-12-31",
    "revenue": 352208000,
    "net_income": 26059000,
    "operating_income": 43862000,
    "ebit": 43862000,
    "interest_expense": 8084000,
    "ebitda": 111285000,
    "gross_profit": 190200000,
    "total_assets": 830398000,
    "total_liabilities": 452183000,
    "total_equity": 299466000,
    "total_debt": 278118000,
    "current_assets": 456700000,
    "current_liabilities": 200772000,
    "cash": 100592000,
    "inventory": 32840000,
    "retained_earnings": -274675000,
    "operating_cash_flow": 70837000,
    "depreciation": 65503000
  },
  "LGF-A": {
    "ticker": "LGF-A",
    "date": "2025-03-31",
    "revenue": 1369600000,
    "net_income": -211200000,
    "operating_income": -215300000,
    "ebit": -215300000,
    "interest_expense": 45600000,
    "ebitda": -99200000,
    "gross_profit": 0,
    "total_assets": 2173200000,
    "total_liabilities": 1406800000,
    "total_equity": 766400000,
    "total_debt": 699900000,
    "current_assets": 170500000,
    "current_liabilities": 622500000,
    "cash": 17800000,
    "inventory": 0,
    "retained_earnings": 0,
    "operating_cash_flow": -39400000,
    "depreciation": 170300000
  },
  "WWE": {
    "ticker": "WWE",
    "date": "2022-12-31",
    "revenue": 1291500000,
    "net_income": 195600000,
    "operating_income": 283300000,
    "ebit": 283300000,
    "interest_expense": 21200000,
    "ebitda": 380300000,
    "gross_profit": 560876000,
    "total_assets": 1355600000,
    "total_liabilities": 838400000,
    "total_equity": 517200000,
    "total_debt": 628700000,
    "current_assets": 627200000,
    "current_liabilities": 432500000,
    "cash": 220200000,
    "inventory": 2900000,
    "retained_earnings": 92300000,
    "operating_cash_flow": 325600000,
    "depreciation": 92400000
  },
  "EDR": {
    "ticker": "EDR",
    "date": "2024-12-31",
    "revenue": 7110982000,
    "net_income": -782414000,
    "operating_income": -152910000,
    "ebit": -152910000,
    "interest_expense": 407792000,
    "ebitda": 376522000,
    "gross_profit": 7110982000,
    "total_assets": 20565562000,
    "total_liabilities": 10478704000,
    "total_equity": 4014154000,
    "total_debt": 6103420000,
    "current_assets": 4025805000,
    "current_liabilities": 4997391000,
    "cash": 1201490000,
    "inventory": 0,
    "retained_earnings": -973094000,
    "operating_cash_flow": 467509000,
    "depreciation": 539052000
  },
  "HTZ": {
    "ticker": "HTZ",
    "date": "2024-12-31",
    "revenue": 9049000000,
    "net_income": -2862000000,
    "operating_income": -562000000,
    "ebit": -562000000,
    "interest_expense": 961000000,
    "ebitda": 1846000000,
    "gross_profit": 283000000,
    "total_assets": 21802000000,
    "total_liabilities": 21649000000,
    "total_equity": 153000000,
    "total_debt": 18408000000,
    "current_assets": 2338000000,
    "current_liabilities": 3164000000,
    "cash": 592000000,
    "inventory": 0,
    "retained_earnings": -2502000000,
    "operating_cash_flow": 2224000000,
    "depreciation": 4122000000
  },
  "CAR": {
    "ticker": "CAR",
    "date": "2024-12-31",
    "revenue": 11789000000,
    "net_income": -1821000000,
    "operating_income": 1499000000,
    "ebit": 1499000000,
    "interest_expense": 358000000,
    "ebitda": 2674000000,
    "gross_profit": 2998000000,
    "total_assets": 29953000000,
    "total_liabilities": 32270000000,
    "total_equity": -2327000000,
    "total_debt": 26041000000,
    "current_assets": 2034000000,
    "current_liabilities": 2720000000,
    "cash": 537000000,
    "inventory": 0,
    "retained_earnings": 2029000000,
    "operating_cash_flow": 3518000000,
    "depreciation": 4009000000
  },
  "R": {
    "ticker": "R",
    "date": "2024-12-31",
    "revenue": 12636000000,
    "net_income": 489000000,
    "operating_income": 995000000,
    "ebit": 995000000,
    "interest_expense": 386000000,
    "ebitda": 2794000000,
    "gross_profit": 2420000000,
    "total_assets": 16672000000,
    "total_liabilities": 13555000000,
    "total_equity": 3117000000,
    "total_debt": 8885000000,
    "current_assets": 2463000000,
    "current_liabilities": 3271000000,
    "cash": 154000000,
    "inventory": 0,
    "retained_earnings": 2644000000,
    "operating_cash_flow": 2265000000,
    "depreciation": 1747000000
  },
  "URI": {
    "ticker": "URI",
    "date": "2024-12-31",
    "revenue": 15345000000,
    "net_income": 2575000000,
    "operating_income": 4068000000,
    "ebit": 4068000000,
    "interest_expense": 691000000,
    "ebitda": 6982000000,
    "gross_profit": 5713000000,
    "total_assets": 28163000000,
    "total_liabilities": 19541000000,
    "total_equity": 8622000000,
    "total_debt": 14789000000,
    "current_assets": 3249000000,
    "current_liabilities": 3323000000,
    "cash": 457000000,
    "inventory": 200000000,
    "retained_earnings": 13813000000,
    "operating_cash_flow": 4546000000,
    "depreciation": 2903000000
  },
  "SNDR": {
    "ticker": "SNDR",
    "date": "2024-12-31",
    "revenue": 5290500000,
    "net_income": 117000000,
    "operating_income": 165200000,
    "ebit": 165200000,
    "interest_expense": 16600000,
    "ebitda": 582500000,
    "gross_profit": 441100000,
    "total_assets": 4933700000,
    "total_liabilities": 1946800000,
    "total_equity": 2986900000,
    "total_debt": 610800000,
    "current_assets": 1115300000,
    "current_liabilities": 704500000,
    "cash": 117600000,
    "inventory": 89800000,
    "retained_earnings": 1481800000,
    "operating_cash_flow": 686100000,
    "depreciation": 413700000
  },
  "KNX": {
    "ticker": "KNX",
    "date": "2024-12-31",
    "revenue": 7410078000,
    "net_income": 117626000,
    "operating_income": 243388000,
    "ebit": 243388000,
    "interest_expense": 171158000,
    "ebitda": 1027115000,
    "gross_profit": 1803658000,
    "total_assets": 13074654000,
    "total_liabilities": 5957849000,
    "total_equity": 7108967000,
    "total_debt": 2818308000,
    "current_assets": 1448741000,
    "current_liabilities": 1706751000,
    "cash": 365945000,
    "inventory": 0,
    "retained_earnings": 2661064000,
    "operating_cash_flow": 799063000,
    "depreciation": 792802000
  },
  "WERN": {
    "ticker": "WERN",
    "date": "2024-12-31",
    "revenue": 3030258000,
    "net_income": 34233000,
    "operating_income": 66148000,
    "ebit": 66148000,
    "interest_expense": 39212000,
    "ebitda": 372099000,
    "gross_profit": 338632000,
    "total_assets": 3052237000,
    "total_liabilities": 1558361000,
    "total_equity": 1455932000,
    "total_debt": 701758000,
    "current_assets": 541773000,
    "current_liabilities": 355749000,
    "cash": 40752000,
    "inventory": 14183000,
    "retained_earnings": 1952775000,
    "operating_cash_flow": 329734000,
    "depreciation": 290405000
  },
  "JBHT": {
    "ticker": "JBHT",
    "date": "2024-12-31",
    "revenue": 12087204000,
    "net_income": 570886000,
    "operating_income": 831225000,
    "ebit": 831225000,
    "interest_expense": 79020000,
    "ebitda": 1599677000,
    "gross_profit": 2063158000,
    "total_assets": 8527075000,
    "total_liabilities": 4512570000,
    "total_equity": 4014505000,
    "total_debt": 1789802000,
    "current_assets": 1770983000,
    "current_liabilities": 1678040000,
    "cash": 46983000,
    "inventory": 41662000,
    "retained_earnings": 7373462000,
    "operating_cash_flow": 1483156000,
    "depreciation": 761141000
  },
  "XPO": {
    "ticker": "XPO",
    "date": "2024-12-31",
    "revenue": 8072000000,
    "net_income": 387000000,
    "operating_income": 660000000,
    "ebit": 660000000,
    "interest_expense": 223000000,
    "ebitda": 1186000000,
    "gross_profit": 915000000,
    "total_assets": 7712000000,
    "total_liabilities": 6111000000,
    "total_equity": 1600000000,
    "total_debt": 4117000000,
    "current_assets": 1505000000,
    "current_liabilities": 1420000000,
    "cash": 246000000,
    "inventory": 0,
    "retained_earnings": 572000000,
    "operating_cash_flow": 804000000,
    "depreciation": 490000000
  },
  "CHRW": {
    "ticker": "CHRW",
    "date": "2024-12-31",
    "revenue": 17724956000,
    "net_income": 465690000,
    "operating_income": 669141000,
    "ebit": 669141000,
    "interest_expense": 89937000,
    "ebitda": 766301000,
    "gross_profit": 1308765000,
    "total_assets": 5297926000,
    "total_liabilities": 3575875000,
    "total_equity": 1722051000,
    "total_debt": 1741132000,
    "current_assets": 2969603000,
    "current_liabilities": 2324898000,
    "cash": 145762000,
    "inventory": 0,
    "retained_earnings": 5786337000,
    "operating_cash_flow": 509084000,
    "depreciation": 97160000
  },
  "EXPD": {
    "ticker": "EXPD",
    "date": "2024-12-31",
    "revenue": 10600515000,
    "net_income": 810073000,
    "operating_income": 1041323000,
    "ebit": 1041323000,
    "interest_expense": 0,
    "ebitda": 1102413000,
    "gross_profit": 1349040000,
    "total_assets": 4754458000,
    "total_liabilities": 2528674000,
    "total_equity": 2223012000,
    "total_debt": 568937000,
    "current_assets": 3659775000,
    "current_liabilities": 2066473000,
    "cash": 1148320000,
    "inventory": 0,
    "retained_earnings": 2455132000,
    "operating_cash_flow": 723361000,
    "depreciation": 61090000
  },
  "RVLV": {
    "ticker": "RVLV",
    "date": "2024-12-31",
    "revenue": 1129911000,
    "net_income": 49557000,
    "operating_income": 51417000,
    "ebit": 51417000,
    "interest_expense": 0,
    "ebitda": 56582000,
    "gross_profit": 593273000,
    "total_assets": 665547000,
    "total_liabilities": 227762000,
    "total_equity": 438188000,
    "total_debt": 40731000,
    "current_assets": 561088000,
    "current_liabilities": 196097000,
    "cash": 256600000,
    "inventory": 229244000,
    "retained_earnings": 305070000,
    "operating_cash_flow": 26692000,
    "depreciation": 5165000
  },
  "FTCH": {
    "ticker": "FTCH",
    "date": "2022-12-31",
    "revenue": 2316680000,
    "net_income": 359287000,
    "operating_income": -847160000,
    "ebit": -847160000,
    "interest_expense": 80439000,
    "ebitda": -515966000,
    "gross_profit": 1023175000,
    "total_assets": 3675916000,
    "total_liabilities": 2770295000,
    "total_equity": 748214000,
    "total_debt": 1107943000,
    "current_assets": 1589420000,
    "current_liabilities": 882878000,
    "cash": 734221000,
    "inventory": 345969000,
    "retained_earnings": -688838000,
    "operating_cash_flow": -536598,
    "depreciation": 332775000
  },
  "REAL": {
    "ticker": "REAL",
    "date": "2024-12-31",
    "revenue": 600484000,
    "net_income": -134202000,
    "operating_income": -56495000,
    "ebit": -56495000,
    "interest_expense": 21384000,
    "ebitda": -79442000,
    "gross_profit": 447521000,
    "total_assets": 423095000,
    "total_liabilities": 830471000,
    "total_equity": -407376000,
    "total_debt": 546555000,
    "current_assets": 232669000,
    "current_liabilities": 248676000,
    "cash": 172212000,
    "inventory": 23583000,
    "retained_earnings": -1253827000,
    "operating_cash_flow": 21548000,
    "depreciation": 48292000
  },
  "POSH": {
    "ticker": "POSH",
    "date": "2021-12-31",
    "revenue": 326009000,
    "net_income": -98329000,
    "operating_income": -98239000,
    "ebit": -98239000,
    "interest_expense": 224000,
    "ebitda": -94994000,
    "gross_profit": 274151000,
    "total_assets": 608673000,
    "total_liabilities": 191054000,
    "total_equity": 417619000,
    "total_debt": 0,
    "current_assets": 591275000,
    "current_liabilities": 187807000,
    "cash": 581538000,
    "inventory": 0,
    "retained_earnings": -221835000,
    "operating_cash_flow": 28572000,
    "depreciation": 3469000
  },
  "ETSY": {
    "ticker": "ETSY",
    "date": "2024-12-31",
    "revenue": 2808332000,
    "net_income": 303281000,
    "operating_income": 380208000,
    "ebit": 380208000,
    "interest_expense": 13806000,
    "ebitda": 532655000,
    "gross_profit": 2033778000,
    "total_assets": 2417782000,
    "total_liabilities": 3176648000,
    "total_equity": -758866000,
    "total_debt": 2387713000,
    "current_assets": 1327691000,
    "current_liabilities": 665113000,
    "cash": 811178000,
    "inventory": 0,
    "retained_earnings": -1784037000,
    "operating_cash_flow": 752469000,
    "depreciation": 108074000
  },
  "W": {
    "ticker": "W",
    "date": "2024-12-31",
    "revenue": 11851000000,
    "net_income": -492000000,
    "operating_income": -461000000,
    "ebit": -461000000,
    "interest_expense": 29000000,
    "ebitda": -66000000,
    "gross_profit": 3574000000,
    "total_assets": 3459000000,
    "total_liabilities": 6214000000,
    "total_equity": -2755000000,
    "total_debt": 4221000000,
    "current_assets": 1877000000,
    "current_liabilities": 2370000000,
    "cash": 1316000000,
    "inventory": 76000000,
    "retained_earnings": -4510000000,
    "operating_cash_flow": 317000000,
    "depreciation": 387000000
  },
  "PTON": {
    "ticker": "PTON",
    "date": "2025-06-30",
    "revenue": 2490800000,
    "net_income": -118900000,
    "operating_income": -36200000,
    "ebit": -36200000,
    "interest_expense": 134500000,
    "ebitda": 108600000,
    "gross_profit": 1268300000,
    "total_assets": 2125300000,
    "total_liabilities": 2539000000,
    "total_equity": -413700000,
    "total_debt": 1976600000,
    "current_assets": 1437600000,
    "current_liabilities": 803900000,
    "cash": 1039500000,
    "inventory": 205600000,
    "retained_earnings": -5602600000,
    "operating_cash_flow": 333000000,
    "depreciation": 89700000
  },
  "BIRD": {
    "ticker": "BIRD",
    "date": "2024-12-31",
    "revenue": 189757000,
    "net_income": -93318000,
    "operating_income": -97553000,
    "ebit": -97553000,
    "interest_expense": 0,
    "ebitda": -81557000,
    "gross_profit": 81064000,
    "total_assets": 188879000,
    "total_liabilities": 87194000,
    "total_equity": 101685000,
    "total_debt": 53675000,
    "current_assets": 130558000,
    "current_liabilities": 44369000,
    "cash": 66732000,
    "inventory": 44121000,
    "retained_earnings": -484517000,
    "operating_cash_flow": -63860000,
    "depreciation": 12396000
  },
  "SFIX": {
    "ticker": "SFIX",
    "date": "2025-08-02",
    "revenue": 1267171000,
    "net_income": -28739000,
    "operating_income": -44721000,
    "ebit": -44721000,
    "interest_expense": 0,
    "ebitda": -1899000,
    "gross_profit": 562939000,
    "total_assets": 480622000,
    "total_liabilities": 277644000,
    "total_equity": 202978000,
    "total_debt": 93511000,
    "current_assets": 373872000,
    "current_liabilities": 206227000,
    "cash": 113952000,
    "inventory": 118370000,
    "retained_earnings": -495992000,
    "operating_cash_flow": 25178000,
    "depreciation": 26124000
  },
  "RENT": {
    "ticker": "RENT",
    "date": "2025-01-31",
    "revenue": 306200000,
    "net_income": -69900000,
    "operating_income": -47300000,
    "ebit": -47300000,
    "interest_expense": 24200000,
    "ebitda": 76800000,
    "gross_profit": 67700000,
    "total_assets": 509600000,
    "total_liabilities": 692100000,
    "total_equity": -182500000,
    "total_debt": 380800000,
    "current_assets": 93900000,
    "current_liabilities": 47400000,
    "cash": 77400000,
    "inventory": 0,
    "retained_earnings": -1123000000,
    "operating_cash_flow": 12900000,
    "depreciation": 58700000
  },
  "CHWY": {
    "ticker": "CHWY",
    "date": "2025-01-31",
    "revenue": 11861335000,
    "net_income": 392738000,
    "operating_income": 112587000,
    "ebit": 112587000,
    "interest_expense": 5519000,
    "ebitda": 271769000,
    "gross_profit": 3467704000,
    "total_assets": 3014527000,
    "total_liabilities": 2753068000,
    "total_equity": 261459000,
    "total_debt": 502404000,
    "current_assets": 1662366000,
    "current_liabilities": 2206723000,
    "cash": 595765000,
    "inventory": 836695000,
    "retained_earnings": -1582914000,
    "operating_cash_flow": 596325000,
    "depreciation": 114557000
  },
  "CVNA": {
    "ticker": "CVNA",
    "date": "2024-12-31",
    "revenue": 13673000000,
    "net_income": 210000000,
    "operating_income": 1002000000,
    "ebit": 1002000000,
    "interest_expense": 651000000,
    "ebitda": 1356000000,
    "gross_profit": 2711000000,
    "total_assets": 8484000000,
    "total_liabilities": 7109000000,
    "total_equity": 1260000000,
    "total_debt": 6046000000,
    "current_assets": 4869000000,
    "current_liabilities": 1338000000,
    "cash": 1716000000,
    "inventory": 1608000000,
    "retained_earnings": -1416000000,
    "operating_cash_flow": 918000000,
    "depreciation": 305000000
  },
  "VRM": {
    "ticker": "VRM",
    "date": "2024-12-31",
    "revenue": 11610000,
    "net_income": -165124000,
    "operating_income": -126804000,
    "ebit": -126804000,
    "interest_expense": 65186000,
    "ebitda": -43112000,
    "gross_profit": 11610000,
    "total_assets": 1066696000,
    "total_liabilities": 1097641000,
    "total_equity": -30945000,
    "total_debt": 752343000,
    "current_assets": 914476000,
    "current_liabilities": 376957000,
    "cash": 29343000,
    "inventory": 0,
    "retained_earnings": -2125836000,
    "operating_cash_flow": -97037000,
    "depreciation": 29086000
  },
  "OPEN": {
    "ticker": "OPEN",
    "date": "2024-12-31",
    "revenue": 5153000000,
    "net_income": -392000000,
    "operating_income": -320000000,
    "ebit": -320000000,
    "interest_expense": 133000000,
    "ebitda": -243000000,
    "gross_profit": 433000000,
    "total_assets": 3126000000,
    "total_liabilities": 2413000000,
    "total_equity": 713000000,
    "total_debt": 2317000000,
    "current_assets": 2997000000,
    "current_liabilities": 529000000,
    "cash": 671000000,
    "inventory": 2159000000,
    "retained_earnings": -3725000000,
    "operating_cash_flow": -595000000,
    "depreciation": 53000000
  },
  "RDFN": {
    "ticker": "RDFN",
    "date": "2024-12-31",
    "revenue": 1042979000,
    "net_income": -164801000,
    "operating_income": -155255000,
    "ebit": -155255000,
    "interest_expense": 27780000,
    "ebitda": -106803000,
    "gross_profit": 364201000,
    "total_assets": 1012457000,
    "total_liabilities": 1095125000,
    "total_equity": -82668000,
    "total_debt": 994897000,
    "current_assets": 375438000,
    "current_liabilities": 332563000,
    "cash": 124743000,
    "inventory": 0,
    "retained_earnings": -988134000,
    "operating_cash_flow": -32307000,
    "depreciation": 42768000
  },
  "COMP": {
    "ticker": "COMP",
    "date": "2024-12-31",
    "revenue": 5629100000,
    "net_income": -154400000,
    "operating_income": -154800000,
    "ebit": -154800000,
    "interest_expense": 6400000,
    "ebitda": -65600000,
    "gross_profit": 994500000,
    "total_assets": 1178000000,
    "total_liabilities": 765600000,
    "total_equity": 409400000,
    "total_debt": 497600000,
    "current_assets": 330000000,
    "current_liabilities": 353200000,
    "cash": 223800000,
    "inventory": 0,
    "retained_earnings": -2672200000,
    "operating_cash_flow": 121500000,
    "depreciation": 82400000
  },
  "BYON": {
    "ticker": "BYON",
    "date": "2024-12-31",
    "revenue": 1394964000,
    "net_income": -258795000,
    "operating_income": -190969000,
    "ebit": -190969000,
    "interest_expense": 2203000,
    "ebitda": -236846000,
    "gross_profit": 290164000,
    "total_assets": 401954000,
    "total_liabilities": 239222000,
    "total_equity": 162732000,
    "total_debt": 32665000,
    "current_assets": 227507000,
    "current_liabilities": 224861000,
    "cash": 159169000,
    "inventory": 11546000,
    "retained_earnings": -740466000,
    "operating_cash_flow": -174304000,
    "depreciation": 19062000
  }
}